1863 3172
358 55 444 130 'm
477 87 592 129 CIC.
621 86 810 130 EPIsT.
837 90 974 132 FAM.
1000 91 1110 134 ΜΒ.
1131 92 1159 131 1.
1199 91 1442 135 EP1sT.r.

135 195 356 240 Hammonii
368 198 532 240 studium
543 197 770 250 ostenderet,
785 198 872 241 vsu·

134 257 201 296 est.

190 309 426 364 Creditores]
462 313 542 362 Qi
567 325 646 354 non
682 313 805 356 solum
830 314 872 354 id

130 369 305 418 agebant,
329 379 371 409 vt
396 383 462 409 rex
482 371 762 420 restitueretur,
790 386 869 426 quo

128 424 289 466 creditas
322 427 357 466 ei
384 429 564 480 pecunias
597 430 747 478 exigere
787 427 869 483 pos-

125 481 227 523 sent:
260 496 394 523 verum
408 486 520 524 etiam
539 496 669 538 aperte
689 487 868 540 pecunias

125 553 201 594 pro
213 541 395 594 Pompeio
415 552 545 581 contra
567 541 774 582 Lentulum
786 541 868 597 sup-

125 596 360 650 peditabant,
379 597 484 650 quod
503 611 631 648 regem
654 613 792 655 cupere
812 602 869 640 in·

124 651 358 703 telligebant.
377 654 440 694 lib.
453 655 559 710 2.flad
577 658 696 706 QFr.
711 657 815 711 epist.
827 670 866 700 2.

126 709 346 751 creditores
384 713 486 768 regis
518 723 652 766 aperte
683 716 866 766 pecunias

112 765 367 820 stippa-ditant
384 779 521 809 contra
551 768 764 811 Lentulum.
819 773 864 810 In

122 833 220 863 orat.
247 837 319 878 pro
345 826 524 865 Postumo
561 839 591 866 e.
611 839 653 869 2.
700 837 738 867 et
761 827 864 883 apud

120 882 287 920 Dionem
314 879 460 936 lib.39.

180 936 274 978 Cum
289 947 332 978 tu
341 937 500 993 aderas]
525 942 659 995 Inepte
669 940 861 991 nonnulli,

119 1004 163 1034 vt
190 996 459 1049 antiquitatem
485 1011 614 1038 amare
641 998 859 1047 videantur,

116 1065 235 1107 quum
284 1066 357 1106 pro
402 1068 489 1094 cum
539 1054 727 1096 scribunt:
773 1071 860 1096 cum

116 1107 326 1150 Priscianus
354 1109 582 1152 obsoleuiss'e
611 1114 689 1153 iam
705 1112 860 1153 consuc-

114 1164 291 1206 tudinem
310 1164 415 1207 illam
432 1168 604 1209 ostendat
634 1168 700 1210 lib.
724 1182 760 1212 1.
797 1171 858 1210 his

115 1222 256 1263 verbis.
342 1223 466 1278 Apud
488 1228 665 1282 antiquos
676 1226 860 1283 frequen·

113 1277 249 1333 tissime
265 1279 345 1321 loco
368 1282 425 1322 Cu
430 1281 611 1335 syllabae
628 1284 724 1342 Qu
751 1296 860 1338 pone-

113 1334 245 1386 batur,
263 1347 309 1378 vt
323 1348 362 1378 et
379 1353 400 1378 e
419 1340 630 1388 contrario,
649 1351 693 1380 vt
702 1353 857 1394 aequus,

112 1406 265 1448 coquus,
284 1395 458 1450 oquulus,
480 1408 554 1449 pro
580 1411 707 1446 arcus,
736 1411 858 1447 cocus,

111 1450 266 1490 oculus:
290 1464 405 1507 quum
429 1464 505 1507 pro
531 1466 628 1503 cum,
657 1467 761 1509 quur
785 1466 857 1509 pro

110 1521 195 1548 eur.

169 1563 286 1619 Regis
318 1579 391 1605 cau
419 1580 444 1605 a
480 1567 550 1622 qui
585 1568 728 1619 velint]
783 1568 855 1610 Vel

109 1622 240 1674 pueris
258 1621 350 1661 haec
368 1624 444 1662 iam
464 1634 555 1664 nota
571 1622 668 1674 sunt,
688 1625 774 1666 volo
782 1636 856 1666 tua

107 1674 242 1732 eauffis,
256 1679 341 1718 volo
352 1679 448 1729 tihi}
473 1694 544 1734 pro
564 1678 691 1731 faueo,
707 1682 853 1731 studeo,

107 1735 251 1774 amicus
269 1733 362 1775 sum.
419 1738 464 1776 In
483 1740 675 1779 contraria
704 1737 852 1780 senten-

106 1791 174 1838 tia,
193 1793 255 1831 cui
272 1793 341 1848 qui
359 1793 510 1842 nolunt,
537 1793 632 1835 dixit
651 1794 764 1837 infra.

164 1849 251 1905 Qi
275 1850 394 1902 pauci
411 1850 530 1902 sunt]
571 1854 617 1892 Et
651 1851 849 1893 suauitatis

105 1904 289 1960 quiddam
307 1906 434 1955 habet,
453 1909 533 1961 qui,
558 1911 784 1963 repetitum:
810 1918 848 1950 et

105 1963 267 2002 omnino
318 1962 539 2005 huiusmodi
578 1965 846 2006 additamentis

102 2032 184 2058 non
213 2019 331 2059 modo
360 2018 535 2074 plenior,
566 2037 702 2063 verum
729 2025 845 2064 etiam

100 2073 233 2130 paullo
253 2074 488 2130 splendidior
517 2079 678 2120 efficitur
698 2080 844 2121 senten-

98 2134 174 2172 tia:
201 2143 242 2173 vt
260 2132 326 2174 lib.
338 2147 377 2176 2.
398 2136 500 2188 epist.
517 2142 582 2185 18.
616 2138 732 2195 Qae
747 2137 844 2178 mihi

99 2187 307 2230 veniebant
328 2192 370 2230 in
397 2202 574 2240 mentm,
601 2207 700 2250 quae
724 2192 783 2234 ad
799 2205 840 2235 te

94 2248 295 2299 pertinere
311 2246 551 2297 arbitrabar,
581 2248 685 2305 quod
708 2252 750 2290 in
775 2251 834 2293 Ci-

98 2302 232 2344 liciam
247 2303 521 2356 pmficfiebar,
539 2309 606 2348 exi
637 2308 769 2355 imaui,
778 2321 835 2347 me

100 2357 160 2398 ad
173 2368 210 2397 te
228 2371 400 2411 oportere
409 2360 596 2412 firibere.
655 2363 832 2403 Eiusdem

90 2417 250 2465 ¹generis
267 2414 362 2457 illud
389 2415 456 2458 lib.
474 2431 516 2472 4.
532 2420 635 2473 epist.
654 2431 692 2473 7.
750 2422 831 2462 Hoc

99 2473 201 2512 idem
225 2486 360 2522 omnes,
385 2477 454 2531 qui
478 2485 518 2516 te
542 2474 725 2535 diligunt,
742 2478 833 2528 fin·

97 2529 205 2569 ciunt
217 2545 230 2566 .·
254 2543 414 2584 quorum
431 2530 484 2586 ⁸?st
502 2545 653 2589 magna,
667 2545 737 2585 pro
752 2535 832 2574 tuis

95 2586 277 2625 maximis
298 2586 581 2647 clariffimisque
610 2589 834 2637 virtutibus,

95 2640 317 2691 multitudo,
345 2644 454 2684 Pauci
468 2655 593 2685 autem
604 2647 701 2696 regis
713 2645 831 2686 caussa

96 2696 292 2745 volebant,
311 2698 372 2740 vel
393 2701 444 2740 ob
463 2711 631 2756 apertam
659 2704 739 2742 eius
760 2702 832 2747 lar-

95 2754 293 2802 gitionem,
313 2754 374 2795 vel
399 2759 488 2810 quia
505 2768 662 2813 propter
675 2759 831 2800 acerbis-

1607 102 1668 137 '21

928 203 1055 245 fimum
1076 206 1311 246 tributorum
1340 207 1576 247 exafflonem
1599 209 1670 248 eic-

929 263 1033 302 &um
1045 263 1101 302 ab
1126 261 1391 303 Alexandrinis
1411 263 1623 306 audierant.

985 332 1058 375 Ad
1079 334 1316 387 Pompeium]
1363 335 1483 376 Cuius
1514 338 1565 377 ob
1595 339 1667 376 Mi-

926 389 1120 430 thridatici
1138 389 1230 431 belli
1260 390 1424 442 gloriam
1453 392 1567 444 longe
1590 408 1667 434 ma-

924 448 1000 493 ior,
1021 461 1137 501 quam
1162 458 1391 498 ceterorum,
1411 450 1511 506 apud
1531 465 1663 491 omnes

922 515 1052 553 gentes
1082 515 1164 545 erat
1194 507 1420 546 auetoritas:
1456 521 1536 561 quo
1562 508 1663 548 futu-

922 574 1009 600 rum
1029 560 1203 616 sperabat
1221 575 1301 609 rex,
1333 573 1376 602 vt
1403 567 1577 620 Aegypti-i
1605 567 1661 604 ni·

920 616 977 658 hil
995 620 1032 658 ei
1054 621 1198 673 petenti
1215 618 1458 669 denegarent.

979 690 1189 748 Religionis
1207 690 1462 743 calumniam]
1501 691 1661 738 Sibyllae

921 745 1051 785 versus
1079 749 1238 801 Aegypti
1259 761 1387 798 regem
1417 762 1503 789 cum
1524 753 1661 790 exerci-

919 811 963 843 tu
981 802 1111 843 reduci
1133 806 1333 845 vetabant:
1376 807 1482 845 cuius
1515 807 1661 847 oraculi

919 861 1037 901 verba
1066 860 1168 915 apud
1197 863 1365 903 Dionem
1389 860 1456 903 lib.
1476 876 1543 918 39.
1569 865 1660 904 haec

918 916 1023 958 sunt:
1053 919 1095 960 Si
1112 932 1187 960 rex
1215 920 1393 976 Aegypti,
1420 921 1571 961 auxilio
1603 923 1660 962 in·

913 973 1049 1032 digens-
1081 975 1226 1031 aliquo,
1253 979 1416 1026 veneris,
1446 979 1663 1030 amicitiam

913 1031 1066 1089 quidem
1082 1034 1120 1073 ei
1138 1047 1186 1073 ne
1199 1031 1507 1085 denegaueritis,·
1535 1049 1582 1075 ne
1600 1045 1662 1074 ta·

914 1102 1001 1129 men
1018 1103 1104 1130 eum
1121 1088 1375 1132 multitudine
1399 1090 1533 1147 aliqua
1555 1093 1659 1132 iuue-

913 1148 1031 1186 ritis:
1044 1145 1117 1200 fin
1137 1148 1282 1198 aliter,·
1307 1157 1346 1188 ee
1362 1145 1524 1195 labores,
1543 1160 1582 1189 et
1597 1161 1657 1200 pe·

914 1204 1043 1244 ricula
1062 1202 1262 1245 habebitis.
1312 1205 1404 1244 Eam
1434 1202 1657 1245 sententiam

915 1261 1090 1302 Lucanus
1136 1257 1204 1302 lib.
1230 1268 1266 1311 8.
1291 1275 1327 1301 v.
1353 1268 1449 1314 824.
1483 1262 1655 1316 cxpressit

916 1316 975 1356 his
996 1318 1147 1359 verbis:

971 1401 1095 1443 Haud
1108 1399 1283 1458 equidem
1311 1402 1500 1442 immerito
1512 1401 1655 1446 'Cuma-

1116 1472 1190 1499 nae
1204 1472 1375 1500 carmine
1392 1469 1496 1499 vatis

967 1531 1147 1578 Cautum,
1165 1543 1213 1570 ne
1233 1526 1326 1570 Nili
1345 1527 1502 1586 Peltfia
1519 1539 1650 1588 tange·

1112 1597 1175 1628 ret
1200 1600 1271 1627 ora

965 1658 1171 1712 Hesperius
1190 1658 1312 1705 miles,
1321 1658 1496 1713 ripasque
1505 1656 1648 1714 asstare

1106 1725 1306 1757 tumentes.

903 1792 1048 1832 Narrat
1067 1793 1157 1840 Dio,
1177 1789 1388 1832 centonis
1407 1788 1553 1829 tribuni
1559 1786 1642 1843 ple-

904 1849 964 1888 bis
985 1863 1123 1903 opera,
1152 1850 1221 1902 qui
1247 1846 1511 1887 reductionem
1539 1847 1639 1895 regie

902 1905 1090 1959 impedire
1117 1906 1346 1952 conahatur,
1370 1900 1567 1944 oraculum
1587 1901 1640 1941 il-

902 1961 969 2002 lud
989 1961 1062 2005 effe
1081 1961 1322 2017 patefaeium,
1341 1958 1471 2002 senatu
1489 1960 1635 1998 nonin-

900 2021 996 2071 vito,
1016 2021 1076 2059 cui
1096 2019 1248 2071 largitio
1280 2016 1346 2057 illa
1372 2017 1472 2066 regis
1500 2014 1632 2057 odiosa

895 2086 989 2116 erat.
1046 2079 1162 2125 Nam,
1181 2074 1286 2130 quod
1305 2072 1353 2115 ad
1371 2071 1531 2118 Sibyllae
1551 2086 1636 2132 ver-

893 2133 953 2173 sus
981 2134 1140 2182 attinet,
1167 2132 1354 2188 probabat
1382 2144 1448 2171 eos
1475 2129 1631 2186 quidem

891 2190 1053 2236 senatus,
1072 2204 1207 2231 verum
1227 2203 1307 2230 non
1335 2198 1412 2229 tam
1427 2185 1628 2237 religione,

889 2261 1003 2301 quam
1022 2246 1124 2288 illius
1146 2248 1271 2300 regiae
1290 2244 1503 2295 largitionis
1530 2245 1629 2283 inui-

890 2305 963 2344 dia.
1023 2307 1066 2344 Et
1083 2305 1221 2345 Cicero
1238 2301 1331 2358 ipse,
1353 2302 1421 2355 qui
1437 2300 1626 2341 reduffio-

887 2375 975 2401 nem
987 2362 1099 2411 regis,
1119 2359 1271 2404 Lentuli
1281 2360 1414 2409 grafia,
1423 2358 1624 2399 vehemen-

886 2427 947 2458 ter
982 2427 1148 2475 cuperct,
1171 2416 1405 2459 calumniam
1431 2415 1623 2470 religionis

885 2473 1064 2528 appellat,
1091 2473 1131 2513 id
1158 2475 1230 2521 est,
1257 2470 1481 2527 malitiosam
1513 2481 1551 2511 et
1579 2473 1619 2511 fi-

886 2533 984 2572 &am
1000 2531 1047 2570 de
1069 2530 1258 2577 Sibyllinis
1286 2529 1450 2575 verubus
1479 2530 1621 2568 oratio·

885 2603 994 2628 nem:
1022 2598 1077 2635 vt,
1096 2590 1261 2627 exercitu
1286 2585 1485 2639 adempto,
1515 2587 1617 2638 quast

885 2645 1040 2685 iubente
1070 2643 1231 2693 Sibylla,
1269 2641 1490 2685 restituendi
1517 2644 1616 2691 regis

883 2715 1012 2741 curam
1039 2699 1222 2756 suscipere
1240 2714 1353 2741 nemo
1377 2697 1503 2745 vellet„
1548 2701 1620 2738 Ita-

886 2773 961 2812 que
979 2757 1142 2799 homines·
1170 2757 1359 2814 religiosos
1377 2770 1462 2796 cum
1488 2756 1614 2797 ironia

940 2818 968 2854 B
1002 2826 1024 2868 3
1510 2824 1622 2853 voc-at
