1863 3172
220 134 306 200 542.

269 257 569 312 Postulationem
598 265 636 293 et
665 254 830 305 nominis
859 250 961 292 dela-

217 307 375 367 tione'm]
406 314 530 351 Prima
550 312 667 360 igitur
684 308 962 363 postulatio‚se-

215 371 338 412 cunda
372 370 541 409 nominis
574 366 741 413 delatio,
775 368 964 420 postrema

215 427 401 469 accusatio
446 425 530 465 fuit.
576 423 840 477 postulabatur
887 425 964 477 pri-

218 487 338 533 mum,
359 484 414 522 vvt
433 479 603 521 accusare
625 477 793 533 aliquem
813 478 963 519 liceret:

220 542 373 587 deinde,
391 541 465 579 hoc
484 541 705 592 impetrato,
726 552 868 576 nomen
882 539 962 576 eius

219 598 463 639 deferebatur
476 597 688 649 :postremo
710 593 964 632 accusabatur.

221 659 267 696 In
284 653 414 695 tabula
437 667 554 693 aenea
589 653 792 704 Torquati
814 651 965 696 Bembi,

221 715 323 752 Petri
343 710 432 750 filii:
481 711 543 750 De
566 722 609 747 ea
642 722 685 748 re
715 711 796 747 eins
817 709 965 760 petitia,

220 769 456 821 nominisque
478 763 623 805 delatio
641 764 724 819 esto.
755 759 828 802 Pro
848 764 964 802 domo

224 838 331 878 c.19.
364 823 516 863 Nomen
537 822 620 861 Sex.
653 821 845 871 Propertii
865 822 967 858 detu-

222 883 283 923 lit.
325 879 505 929 accusare
535 877 680 916 alienae
709 874 970 915 damnationis

211 938 444 991 fielerisque
453 933 748 985 ficiosfflropter
757 932 972 971 calumniae

224 1004 380 1039 metum,
400 1004 473 1030 non
494 988 541 1043 est
560 988 683 1040 ausus.
771 987 970 1026 Interdum

220 1050 428 1106 postulare,
449 1059 521 1101 pro
551 1042 724 1083 accusare
748 1047 943 1098 accipitur.
968 1095 973 1101 .

286 1121 410 1168 onr]
496 1121 547 1156 Vt
566 1131 651 1155 cum
671 1130 792 1155 vxore
813 1118 887 1163 vir,
918 1117 970 1154 ita

225 1192 309 1218 cum
328 1178 414 1215 viro
433 1172 645 1212 diuortium
672 1171 835 1212 faciebat
859 1187 970 1214 vxor.

225 1231 443 1286 exemplum
466 1231 569 1284 epist.
580 1242 621 1283 7.

284 1301 518 1351 Mandaris]
550 1301 816 1348 Mandaucrat,
832 1310 874 1340 vt
896 1299 972 1347 col-

225 1360 408 1404 locandae
429 1358 529 1398 filiae
551 1357 637 1397 suae
668 1372 795 1398 curam
814 1357 974 1411 suscipe-

225 1430 296 1462 ret.
328 1418 374 1457 de
415 1430 493 1470 quo
538 1414 585 1454 ad
629 1417 796 1469 Appium
841 1413 906 1454 lib.
933 1427 968 1467 3.

227 1478 332 1531 epist.
360 1486 419 1516 12.
458 1472 537 1526 ipse
564 1471 600 1512 se
623 1472 771 1512 excusat
800 1473 858 1511 his
887 1486 971 1511 ver-

226 1536 309 1576 bis:
348 1535 394 1572 In
421 1545 492 1586 quo
524 1544 640 1569 vnum
676 1544 819 1576 vereor,
846 1544 893 1568 ne
925 1540 969 1568 tu

225 1603 368 1647 parum
397 1587 603 1639 perspicias
636 1601 704 1633 ea,
739 1601 837 1642 quae
867 1585 972 1643 gesta

220 1649 332 1702 fiant,
355 1644 403 1684 ab
427 1645 516 1683 aliis
535 1642 600 1698 qffi’
611 1643 728 1698 gesta,
754 1644 886 1699 quibas
907 1656 973 1698 ego

231 1708 292 1746 ita
307 1701 552 1746 mandaram,
578 1711 647 1747 vt,
677 1714 762 1739 cum
793 1712 875 1740 tum
896 1700 973 1739 lon-

223 1777 274 1819 ge
295 1759 504 1811 abfuturus
535 1756 651 1811 qffiw,
687 1756 742 1797 ad
767 1772 824 1797 me
851 1771 892 1797 ne
917 1771 975 1796 re-

224 1819 395 1873 ferrent,
417 1825 587 1867 agerent,
605 1813 709 1869 quod
721 1812 945 1868 probqffi’nt,

291 1885 404 1943 ‚Qid
420 1900 484 1937 ego
505 1885 580 1926 tibi
589 1884 833 1937 scripfirz‘m]
884 1887 978 1924 Scri-

232 1945 355 2000 pserat
382 1940 549 1989 fortasse,
576 1956 752 1991 magnam
779 1942 851 1981 effe
887 1944 992 1996 pro-¹

231 2005 373 2043 borum
421 1998 715 2039 adolescentium
753 2001 977 2052 penuriam,

237 2059 377 2112 quibus
389 2055 526 2096 Tullia
548 2054 726 2095 collocari
747 2055 876 2108 posset.
889 2071 976 2096 nam

237 2117 283 2155 de
315 2112 529 2159 Dolabella,
570 2127 592 2151 a
624 2128 703 2166 quo
724 2113 975 2152 'discessuram

236 2187 395 2214 vxorem
431 2172 621 2210 coniicere
660 2185 739 2209 non
768 2174 978 2223 ·potuerit;

238 2243 338 2271 nunc
353 2230 520 2282 primum
534 2227 635 2267 facto
654 2228 824 2267 diuortio
837 2227 976 2267 scribit.

295 2297 385 2351 Res]
417 2302 466 2337 Vt
491 2300 523 2337 ei
547 2300 667 2338 nubat
686 2297 763 2338 filia
787 2309 863 2338 tua.

295 2354 545 2407 Inuidiosum]
601 2359 663 2396 Ne
692 2355 872 2395 infamiae
908 2355 980 2394 tibi

238 2414 293 2460 fit,
322 2412 426 2465 quod
456 2412 678 2452 affinitatem
708 2428 792 2452 cum
820 2428 866 2451 eo
897 2415 980 2451 iun-

239 2484 326 2520 gere
349 2468 532 2515 volueris,
565 2484 650 2508 cum
683 2484 774 2524 quo,
804 2470 978 2524 depositis

239 2528 463 2573 inimicitiis,
486 2529 528 2565 in
550 2531 711 2576 gratiam
730 2538 838 2566 autea
860 2527 981 2569 redie-

239 2586 305 2630 ris,
319 2585 460 2636 quique
479 2585 561 2631 tibi,
581 2599 666 2623 cum
681 2599 802 2634 augur
823 2587 864 2624 fit
883 2597 981 2625 vter-

239 2654 315 2693 que
340 2641 514 2687 vestrum,
534 2641 680 2695 abipsa
715 2641 866 2691 collegii
895 2656 980 2681 con-

240 2698 439 2736 iunffiione
459 2698 756 2738 commendetur.

296 2754 338 2793 Si
356 2753 564 2806 emanarit]
623 2757 660 2794 Si
688 2755 780 2808 quid
807 2756 982 2796 homines

242 2809 290 2851 de
305 2811 551 2852 matrimonio
575 2811 780 2852 rescierint.

406 139 979 185 ‘rAvLLrMANv‘rri
1023 115 1557 182 COMMENTAmvs.

1072 251 1238 305 Dec-eat]
1308 254 1381 292 Pro
1408 252 1654 293 reconciliata
1671 267 1756 294 cum

1017 311 1143 362 Appio
1164 312 1296 357 gratia.

1070 363 1282 417 Expediat]
1330 367 1494 418 Appium
1516 367 1618 405 enim
1637 363 1756 404 offen-

1018 422 1104 460 des:
1126 421 1231 474 'quod
1241 419 1334 476 ytile
1354 436 1434 459 non
1454 424 1544 462 crit:
1562 437 1647 461 cum
1667 423 1761 460 ami-

1020 481 1085 525 cis,
1095 480 1339 531 propinquiS,
1348 478 1601 531 affinibusque
1612 480 1758 518 floreat.

1021 535 1137 579 filiam
1165 537 1267 573 enim
1300 537 1444 588 Appius
1473 537 1542 574 Cn.
1576 537 1758 588 Pompeio

1021 591 1117 640 filio,
1146 591 1304 631 alteram
1347 594 1401 631 M.
1441 594 1574 638 Bruto,
1609 594 1760 632 tertiam

1021 648 1198 696 Lentulo,
1225 650 1266 687 in
1297 651 1584 687 matrimonium
1612 647 1763 688 locaue-

1021 715 1091 756 rat.
1120 704 1186 745 lib.
1214 717 1248 758 3.
1270 707 1373 758 epist.
1390 718 1426 754 4.
1455 716 1491 744 et
1509 716 1550 758 7.
1605 707 1705 743 Hinc
1719 705 1763 745 il-

1021 761 1088 801 lud
1100 763 1294 801 Ciceronis
1307 763 1395 800 huic
1414 760 1594 815 epistolae
1612 761 1765 815 respon-

1025 819 1147 858 dentis
1169 818 1234 858 lib.
1249 832 1282 860 2.
1310 820 1413 872 epist.
1427 830 1491 870 13.
1575 818 1650 857 Cur
1670 819 1767 859 mihi

1025 889 1099 916 non
1115 876 1156 914 in
1177 874 1402 927 optatisst't,
1415 873 1622 926 compleat·
1648 874 1763 916 homi·

1027 946 1123 977 nem,
1134 932 1336 986 florentem
1362 941 1499 977 aetate,
1529 930 1671 984 opibus,
1702 932 1766 972 ho·

1027 988 1197 1035 neribus,
1209 995 1211 997 '
1227 988 1377 1044 ingenio
1386 1015 1398 1033 ‚
1433 986 1566 1026 liberis
1576 1015 1588 1033 ‚
1611 991 1765 1040 propin-

1026 1046 1130 1099 quis,
1158 1044 1346 1097 qffinibus,
1388 1045 1542 1093 (amicti,-
1583 1041 1767 1104 collegani

1026 1115 1149 1140 meum
1164 1101 1407 1152 praesertim,
1427 1110 1467 1139 et
1489 1101 1529 1138 in
1553 1101 1636 1151 ipsa
1656 1103 1771 1143 colla

1020 1159 1082 1214 gii
1112 1156 1228 1198 laude
1264 1173 1311 1198 ac
1338 1157 1528 1208 scientia,
1541 1155 1766 1213 studiofimt

1028 1216 1101 1254 mei
1111 1216 1131 1253 ?
1141 1265 1145 1268 μ

1083 1286 1186 1338 Spei]
1214 1287 1271 1324 De
1292 1287 1417 1339 Appio
1439 1285 1767 1328 damnando.nam

1027 1342 1220 1381 affinitatis
1240 1341 1379 1384 famam
1409 1342 1483 1400 suis
1510 1343 1669 1382 confiliis
1699 1360 1768 1399 op-

1027 1411 1234 1455 portunam
1257 1399 1466 1452 vtilemque
1486 1400 1571 1440 fore
1590 1400 1772 1454 sperabit..

1085 1471 1267 1527 Negotio]
1305 1471 1421 1520 Qiod
1442 1474 1518 1521 agit
1538 1484 1670 1512 contra
1693 1478 1767 1529 Ap-

1028 1542 1144 1581 pium.
1646 1554 1649 1557 »

1066 1638 1071 1642 ,
1088 1599 1213 1638 Tanto
1234 1595 1442 1650 ilqustrt’or]
1487 1599 1657 1640 Affinitas
1677 1603 1771 1643 haee

1031 1657 1081 1694 ob
1102 1653 1377 1693 accusationem
1409 1658 1522 1709 Appii
1550 1657 1672 1705 multo
1697 1662 1771 1700 erit

1029 1712 1213 1752 illustrior
1233 1725 1274 1749 ac
1297 1712 1441 1758 notior,
1470 1728 1548 1764 quo
1575 1717 1770 1759 studiosius

1030 1785 1113 1810 eam
1135 1766 1331 1808 Dolabella
1359 1770 1612 1821 peruulgauit.
1640 1766 1647 1770 v

1091 1839 1307 1893 Pompeius]
1325 1841 1442 1878 Cuius
1463 1840 1542 1880 filio
1561 1853 1678 1898 nupta
1690 1856 1772 1887 erat

1025 1897 1146 1951 {appii
1169 1897 1256 1935 filia.
1285 1896 1349 1936 lib.
1371 1907 1406 1946 3.
1438 1900 1539 1951 epist.
1552 1912 1591 1953 4.
1699 1898 1701 1902 ’

1089 1953 1153 1994 ἈΛ
1172 1957 1227 2003 te]
1258 1958 1306 1992 Vt
1323 1956 1587 1994 auctoritatem
1598 1961 1774 2008 gratiam?

1033 2025 1108 2064 que
1127 2021 1232 2049 tuam
1260 2009 1308 2049 ad
1328 2014 1441 2064 Appii
1471 2011 1625 2055 salutem
1649 2017 1776 2057 confe-

1034 2083 1105 2106 ras.
1135 2070 1240 2106 testes
1280 2070 1381 2107 enim
1411 2083 1455 2107 ex
1490 2083 1532 2108 ea
1560 2076 1773 2124 prouincia,

1034 2128 1094 2164 cui
1116 2123 1298 2164 successor
1309 2127 1422 2179 Appii
1435 2129 1568 2165 Cicero
1590 2143 1776 2184 praeerat,

1033 2181 1096 2222 vel
1116 2196 1224 2221 reum
1247 2185 1479 2235 opprimere,
1511 2183 1573 2223 vel
1602 2187 1779 2241 periculo

1033 2239 1197 2282 liberare
1216 2250 1393 2292 poterant
1415 2254 1558 2279 omnes.

1098 2296 1344 2348 Absolulmus]

1035 2352 1250 2392 absolutum
1300 2355 1349 2391 iri
1407 2369 1537 2394 omnes
1586 2366 1775 2408 putamus,

1035 2410 1140 2462 quod
1178 2413 1236 2448 vita
1276 2413 1447 2461 contigit,
1486 2411 1774 2453 defendentibus

1035 2482 1122 2505 cum
1143 2481 1284 2516 genero
1315 2471 1367 2506 M.
1393 2472 1523 2515 brute,
1550 2479 1586 2507 et
1608 2473 1789 2510 Horten&

1037 2526 1088 2562 sio
1115 2535 1281 2562 oratore.
1310 2530 1413 2576 quod
1448 2540 1488 2563 m
1509 2528 1627 2565 Bruto
1655 2541 1684 2567 c.
1707 2531 1775 2581 64.

1040 2580 1215 2634 scriptum
1238 2583 1299 2619 est.

1099 2637 1293 2690 Confefla]
1380 2639 1436 2676 Sic
1453 2637 1544 2677 olim
1565 2637 1778 2687 cinciniani,

1039 2694 1184 2734 secutus
1218 2696 1418 2746 antiquum
1446 2697 1545 2733 Petri
1577 2696 1707 2733 bembi
1739 2694 1780 2734 li-

1039 2755 1167 2798 brum,
1197 2762 1234 2790 et
1257 2750 1419 2790 alterum
1457 2754 1610 2791 Ioannis
1641 2751 1780 2800 Scalae,

1039 2811 1080 2848 in
1109 2823 1197 2865 quo¹
1217 2810 1488 2849 non'omnino
1521 2808 1668 2856 diserte,
1698 2824 1780 2848 con-

1664 2864 1782 2917 feHa,

1432 2299 1618 2351 Appium:
1647 2293 1687 2337 id
1712 2302 1777 2348 est,
1828 2297 1849 2312 ”

1850 703 1854 707 -
1838 590 1863 673 ..ese
1824 420 1863 575 ..seg-„fi
1823 378 1848 398 -“
1849 312 1859 338 -.

1846 2808 1853 2819 Ι

1851 2871 1863 2947 ἓ

1851 2936 1863 2973 χι

1848 2985 1863 3016 ’ν
