1863 3172
87 634 94 654 1

299 99 372 140 IN
397 98 512 162 ClC.
539 97 737 138 EPIST.
761 99 898 139 FAM.
926 101 1041 141 LIB.
1071 102 1156 146 VII.
1195 67 1488 147 EPISTXQ.

1595 110 1682 162 469

629 213 1052 255 EPISTOLAE
1112 219 1193 258 xv.

524 305 560 349 Λ
597 304 633 350 R
669 303 782 352 GV
819 303 874 350 M
912 306 949 351 E
987 307 1028 351 N
1066 307 1186 353 TV
1222 309 1290 357 M.

278 397 595 453 Declaratsuum
615 401 786 452 absentis
807 403 986 444 Trebatii
1007 404 1265 460 defideritcm:
1297 411 1534 464 gratulatur
1557 408 1606 452 de
1632 408 1672 450 C.

132 456 260 500 Marii
285 456 587 518 furnilicit·itate.
647 461 788 501 Eodem
818 475 931 500 anno.

600 564 1193 629 EXPLA'NATIO.

125 650 347 734 anfi]
396 651 584 718 'Iliorqfits
609 654 681 702 est,
710 657 770 695 cui
790 671 870 695 non

246 708 368 762 placet
395 708 449 757 ld,
490 709 595 762 quod
624 709 774 764 placere
805 713 866 753 de-

42 776 57 810 4
123 763 211 802 bet:
243 765 315 809 vel.
339 767 406 819 qui
425 763 523 819 plus,
554 780 668 820 quam
699 781 867 823 oportet,

124 823 239 870 exigit
258 824 305 862 ab
324 822 476 876 aliquo:
505 823 659 877 vel‚qni
677 840 755 865 non
778 827 865 876 fert,

124 880 231 931 quod
255 879 454 919 ferendum
485 881 648 921 videtur.
703 886 748 922 In
768 887 859 924 Ora-

97 973 109 979 -
122 946 209 976 tore
228 951 258 987 ς.
272 949 337 989 29.
366 938 412 976 Ιιι
434 951 504 992 quo
516 931 671 979 tcintum
691 941 804 988 abeli,
821 955 865 982 vt

121 993 251 1046 nestra
269 996 468 1040 miremur,
489 1006 531 1035 vt
550 1010 665 1052 vsque
692 1012 734 1037 eo
762 998 862 1058 dff-

120 1051 226 1096 cilex,
244 1065 289 1090 ac
308 1050 451 1104 ,ποι-(ψ’
461 1041 592 1102 βηηιῖ,
613 1065 656 1093 vt
665 1054 769 1096 nobis
789 1071 864 1096 mm

114 1107 343 1161 satisfaciat
372 1109 448 1161 ipse
474 1110 750 1165 Demosthenes.

123 1214 136 1221 l
177 1166 250 1212 Ea,
270 1165 510 1220 quae-spero]
552 1170 811 1218 Honestatem,
829 1180 865 1210 et

119 1221 333 1261 commoda.
353 1224 455 1275 epist.
471 1234 518 1262 11.

177 1279 215 1318 C.
236 1279 377 1332 Mutii]
432 1283 550 1318 Cuius
566 1283 680 1321 exstat
698 1283 862 1332 grauissi-

982 654 1211 710 DoHiffimi]
1282 655 1564 706 Qiinffllianus
1601 655 1669 696 lib.

929 723 992 752 12.
1025 729 1054 752 c.
1067 717 1105 756 6.
1134 716 1185 752 ait
1210 716 1372 753 Matium
1391 723 1479 753 ante
1499 715 1669 766 quaesto·

923 772 1020 809 riam
1046 780 1206 810 aetutem
1237 771 1370 811 orasse.
1451 768 1666 810 Columella

923 824 987 866 lib.
1006 840 1063 869 12.
1087 843 1113 866 c,
1129 840 1167 881 4.
1185 838 1222 867 et
1243 839 1351 881 044.
1382 826 1556 881 scripsisse
1576 842 1663 866 eum

921 883 968 923 de
991 887 1146 937 pistore,
1168 899 1294 938 coquo
1310 895 1346 924 et
1366 884 1520 924 cellario
1540 884 1662 924 libros

920 952 1007 980 tres,
1065 945 1096 981 A
1120 941 1246 981 Gellio
1275 956 1431 996 quoque
1461 952 1498 981 et
1517 944 1665 981 Macro-

920 1000 986 1039 bio
1014 997 1160 1037 laudari
1192 999 1307 1039 video
1348 1000 1561 1040 doetrinam
1590 1001 1662 1046 Cn.

920 1057 1042 1095 Matii.
1131 1056 1200 1095 Sed
1231 1058 1286 1097 ibi
1307 1059 1470 1103 Cnaeus,
1499 1057 1558 1095 hic
1589 1057 1664 1094 Ca-

920 1114 979 1152 ius
1008 1114 1252 1153 nominatur:
1282 1125 1323 1154 vt
1356 1112 1418 1154 vel
1453 1113 1532 1154 duo
1550 1112 1664 1153 Matii

919 1170 1078 1216 fuerint,
1098 1170 1249 1210 diuerso
1277 1173 1538 1224 praenomine,
1561 1179 1662 1210 vter-

921 1241 995 1280 que
1015 1228 1053 1266 in
1065 1229 1198 1280 primis
1211 1229 1404 1268 eruditus:
1439 1226 1512 1274 vel,
1526 1228 1659 1266 fivnus

918 1284 1003 1332 fuit,
1030 1285 1210 1324 mendum
1226 1286 1268 1326 fit
1290 1287 1334 1326 in
1350 1284 1535 1326 alterutro
1555 1297 1661 1338 prae-

117 1352 179 1377 ma
202 1334 355 1388 epistola
376 1334 442 1376 lib.
458 1347 520 1378 11,
535 1344 598 1384 28.
620 1340 721 1392 apud
733 1339 864 1380 (laesa.
916 1343 1088 1381 nomine.

42 1444 45 1445 ⁷
118 1409 200 1435 rem
213 1395 332 1443 gratia
345 1393 478 1442 valuit,
491 1393 606 1435 vtlib.
619 1400 656 1439 6.
677 1399 779 1450 epist.
796 1411 814 1440 1
824 1412 859 1441 2.

544 1528 1045 1569 EPISTOLAE
1101 1532 1219 1571 XVI.

517 1618 1260 1666 ARGVMENTVM.

258 1713 441 1755 Laudare
464 1714 685 1756 Trebatium
709 1716 868 1758 videtur
900 1729 946 1758 vt
967 1719 1198 1773 sapientem,
1223 1719 1293 1773 qui
1313 1716 1408 1758 belli
1425 1716 1652 1769 discrimina

115 1774 287 1815 vitaret:
304 1771 383 1823 sed
398 1786 441 1811 re
459 1785 553 1811 vera
591 1785 702 1813 notat
731 1786 776 1814 vt
804 1774 1008 1814 timidum:
1044 1777 1147 1831 quod
1167 1776 1286 1827 saepe
1309 1774 1426 1827 facit.
1461 1774 1661 1824 adscribit

113 1829 303 1885 quaedam
321 1841 390 1881 per
414 1834 548 1874 iocum,
569 1829 617 1869 de
636 1834 698 1869 Cn>
724 1831 901 1877 Ofianio,
930 1832 978 1871 de
1003 1832 1156 1885 fifturis
1193 1831 1368 1872 Trebatii
1395 1829 1571 1879 diuitiis,
1599 1831 1648 1871 de

113 1886 281 1928 eiusdem
298 1885 494 1937 superbia.
551 1887 705 1940 Scripta
723 1888 879 1928 videtur
896 1887 1019 1928 eodem
1043 1903 1165 1928 anno:
1193 1887 1296 1944 quod
1316 1902 1366 1928 ex
1395 1903 1436 1927 eo
1463 1888 1644 1944 cognosti·

113 1956 196 1998 tur,
220 1945 310 1998 quia
319 1941 463 1992 scribit
483 1943 608 1982 Cicero
626 1956 664 1983 et
681 1946 723 1984 in
743 1947 990 1986 Britanniam
1008 1948 1065 1985 ire
1089 1944 1311 1986 Trebatium
1329 1944 1492 1999 noluisse,
1519 1955 1557 1985 et
1575 1943 1646 1984 ad-

112 2001 185 2042 huc
207 1998 358 2054 quidem
375 1999 670 2041 Samarobriuae
694 1999 781 2055 effi;
806 2003 870 2043 vbi
888 2017 970 2042 enm
982 1999 1109 2057 fuiffe,
1127 2017 1215 2043 cum
1235 2005 1445 2059 interreges
1470 2015 1646 2043 crearen-

115 2068 200 2105 tur,
224 2055 376 2097 indicat
393 2055 491 2110 epist.
503 2071 546 2095 11.

597 2169 1184 2213 EXPLANATIO.

194 2259 298 2315 Equo
312 2257 496 2311 Troiano]
516 2259 762 2307 Tragoediae
782 2277 849 2302 no-

1335 2236 1350 2250 r

904 2261 994 2300 inde
1011 2271 1144 2301 natum
1170 2260 1446 2315 prouerbium:
1486 2259 1533 2300 de
1562 2274 1642 2314 quo

151 2275 172 2300 n

111 2265 276 2363 Imen,
298 2314 361 2357 sed
380 2324 506 2353 Vtrum
531 2317 634 2354 Liuii
660 2317 850 2358 Androni·
901 2319 1044 2357 Festus.

112 2375 160 2420 ci,
183 2387 296 2426 quem
313 2375 467 2412 Nonius
489 2371 652 2424 appellat
684 2375 723 2413 in
756 2378 849 2429 Opi.

110 2428 207 2476 tula‚
235 2444 284 2468 an
302 2431 458 2476 Naeuii,
488 2442 601 2480 quem
628 2432 848 2475 Macrobius

111 2485 230 2529 lib.6.
250 2489 398 2526 saturn.
435 2499 463 2525 c.
480 2496 513 2525 1.
533 2487 684 2533 ignoro.

171 2544 258 2584 Sero
267 2540 445 2594 stipimzt]
473 2543 653 2590 subaudi,
673 2544 855 2603 Phryges:

115 2602 184 2652 qui
205 2614 289 2638 cum
309 2598 494 2637 Helenam
511 2601 622 2637 initio
652 2600 742 2640 belli
767 2604 849 2642 red-

113 2656 205 2695 dere
224 2654 442 2702 noluiffent5
460 2657 600 2707 postea,
628 2656 754 2698 fraffls
775 2657 851 2699 iam

115 2727 250 2753 eorum
269 2713 421 2765 opibu5‚
448 2721 484 2750 et
514 2710 575 2765 spe
597 2712 723 2755 salutis
747 2716 853 2755 amis-

114 2769 165 2820 sa,
186 2768 285 2810 velle
305 2769 342 2808 se
363 2782 446 2808 eam
472 2769 633 2810 reddere
662 2772 852 2815 dixerunt.

959 2375 1027 2414 Mi
1038 2374 1177 2427 vetule]
1191 2374 1398 2420 Amatorie,
1415 2386 1484 2425 per
1502 2374 1641 2414 iocum.

963 2429 1205 2483 Rabiofitlas]
1264 2433 1309 2469 In
1330 2431 1496 2483 ¹Lquibus,
1519 2431 1644 2469 teneri

906 2487 942 2526 se
963 2487 1068 2529 vrbis
1085 2486 1282 2534 desiderio,
1307 2497 1344 2526 et
1367 2484 1504 2540 cupere
1520 2488 1643 2525 statim

905 2543 1051 2596 aliquid
1066 2543 1230 2588 auferre,
1252 2555 1366 2597 atque
1391 2558 1413 2582 a
1431 2541 1534 2582 bello
1569 2543 1644 2582 dis-

904 2601 1052 2649 cedere,
1098 2600 1290 2654 scripserat
1334 2601 1558 2641 Trebatius.
1604 2599 1644 2638 id

906 2657 978 2697 fuit
996 2661 1164 2712 primum
1182 2668 1459 2707 argumentum,
1476 2671 1543 2695 cur
1562 2669 1642 2694 non

909 2714 1005 2762 sero,
1026 2714 1087 2754 sed
1114 2725 1262 2754 mature
1289 2713 1418 2767 sapere
1444 2712 1545 2752 visus
1577 2713 1642 2751 est.

908 2771 1085 2818 alterum,
1117 2771 1224 2824 quod
1252 2774 1292 2811 in
1327 2771 1559 2810 Britanniam
1591 2771 1648 2807 ire

965 2831 1032 2879 Gg
1064 2841 1087 2883 3
1512 2824 1650 2865 noluit.
