1863 3172
336 61 406 102 IN
434 61 550 102 CIC.
586 57 777 99 EPIST.
815 58 950 98 FAM.
987 58 1150 103 LIB.1'.
1185 57 1472 101 EPIST.V11.

132 186 242 217 antea
292 172 526 215 defendiffet.
575 182 671 214 orat.
709 172 757 212 de
787 185 873 225 pro-

132 234 268 273 vinciis
297 246 326 271 c.
344 238 381 281 8.

186 315 442 370 Stipendium]
496 317 541 354 Et
568 314 809 370 stipendium,
837 322 875 353 et

129 373 344 425 legatorum
372 387 588 420 numerum,
623 383 660 412 et
692 368 874 424 supplica-

127 434 254 472 tiones
278 430 425 469 senatus
445 430 671 469 decernebat
703 429 778 466 fine
805 439 873 479 po-

128 488 211 544 puli
233 486 423 541 suffragio.
454 501 551 540 quae
577 488 714 526 Cicero
742 484 873 533 fignifi-

131 556 188 586 cat
212 547 252 584 in
274 542 376 598 epistL
390 558 428 598 9.
456 556 548 583 'cum
583 546 648 589 ait,
680 539 872 590 singulari-

130 604 216 650 bus,
235 613 273 644 et
298 604 409 642 nouis
437 600 673 646 honoribus,
705 613 746 637 ac
776 597 873 636 iudi-

131 662 199 699 ciis
237 659 384 699 senatus
422 668 600 696 ornatum
635 656 708 695 effe
739 653 873 694 Caesa-

133 731 226 758 rem.
259 716 376 769 idque
395 715 552 767 exponit
575 724 704 767 aperte
724 715 762 751 in
775 722 872 752 orat.

134 774 181 814 de
225 773 433 827 prouinciis
485 782 605 815 c..11.
641 771 698 810 his
726 770 874 809 verbis:

134 832 314 873 Relatum
340 828 392 884 est
423 827 479 868 ad
502 842 565 867 nos
594 840 714 881 nuper
741 825 872 882 desti-

127 885 265 942 pcndio
287 887 500 926 exercitus.-
545 899 618 924 non
641 883 796 926 demut·
811 885 874 935 so—

68 973 71 975 ·
131 945 224 986 lumx
235 940 313 994 sed
328 944 515 989 etiam‚vt
534 956 598 982 vos
608 940 875 989 decerneretis,

132 999 331 1041 labor-aui:
359 1000 485 1040 multa
505 996 801 1053 dissentientibus
816 1012 874 1037 re-

125 1054 290 1111 spondi:
306 1054 514 1108 scribendo
532 1053 641 1110 egfflei.
730 1056 876 1110 Stipen-

132 1112 240 1158 dium
263 1124 387 1152 autcm
411 1127 431 1150 a
454 1112 582 1152 senatu
603 1115 822 1166 impetrare,
834 1113 875 1150 in

132 1173 245 1210 tantis
267 1172 443 1219 angustiis
467 1171 618 1217 aerarii,
647 1183 726 1210 non
744 1167 878 1208 facilli-

134 1242 238 1267 mum
257 1227 349 1267 fuit:
389 1227 494 1280 quod
515 1242 559 1266 ex
580 1226 713 1266 eadem
736 1228 877 1266 oratio-

134 1300 183 1325 ne
202 1286 360 1324 conieci.
389 1283 484 1323 dixit
502 1287 605 1324 enim
634 1299 662 1322 c.
677 1297 713 1337 5.
769 1284 878 1323 Vide-

135 1345 201 1389 tis,
215 1356 288 1382 non
306 1342 524 1381 temeritate
536 1340 794 1387 redemtionis,
806 1350 876 1379 aut

135 1401 281 1452 negotii
293 1396 455 1454 gerendi
474 1399 639 1449 inscitia,
648 1396 725 1450 sed
742 1397 874 1436 auari-

137 1453 415 1508 tia,superbia,
435 1453 670 1495 crudelitate
703 1452 876 1500 Gabinii,

131 1525 253 1568 paene
282 1509 439 1567 ‹qffliae‘ios
478 1514 558 1552 iam
589 1522 705 1567 atque
732 1510 878 1562 euersos

133 1568 377 1624 publicanos.-
405 1570 543 1625 quibus
561 1567 712 1624 quidem
723 1580 811 1614 vos,
835 1568 876 1606 in

138 1627 197 1666 his
216 1625 402 1682 angustiis
421 1627 593 1671 aerarir‚2
603 1636 734 1665 tamen
739 1622 879 1675 subue-

138 1684 257 1723 nitetis
277 1679 408 1735 ¹¹0‘'‘?ffi‘
425 1681 487 1736 est.
543 1685 622 1721 Hac
641 1681 688 1720 de
709 1695 751 1721 re
772 1681 818 1719 fic
837 1681 877 1719 in

138 1754 182 1780 ea
202 1753 272 1794 pro
306 1737 425 1778 Balbo
457 1754 486 1777 c.
502 1749 570 1791 27.
624 1739 663 1778 C.
683 1737 882 1789 Caesarem

127 1798 294 1850 finatus
327 1806 365 1836 et
394 1809 537 1852 genere
553 1795 882 1848 fitpplicationum

139 1852 360 1907 ampliffimo
378 1854 549 1900 ornauit,
574 1863 613 1892 et
630 1865 786 1892 numero
804 1849 883 1891 die·

138 1925 228 1952 rum
253 1924 357 1950 nouo.
398 1908 515 1956 Idem,
543 1911 584 1950 in
611 1908 796 1966 atzgtgstiis
824 1922 885 1947 ae-

139 1970 257 2014 rarii,
286 1964 469 2008 umorem
505 1967 720 2006 exercitum
742 1964 882 2018 stipen-

139 2024 205 2066 dio
224 2022 377 2079 affi’cit:
412 2025 638 2076 imperatori
676 2020 804 2062 decem
832 2022 881 2062 Ie-

135 2092 252 2138 gatos
299 2079 493 2121 decreuit:
530 2081 611 2136 lege
657 2079 880 2129 Sempronia

129 2135 412 2193 fitccedendum
439 2151 511 2176 non
529 2135 685 2187 censuit.
725 2135 882 2176 Harum

123 2208 206 2252 *ego
236 2192 524 2249 sententiarum
560 2203 598 2233 et
627 2193 805 2246 princeps
841 2201 882 2233 et

142 2252 277 2292 auelor
288 2250 368 2303 fui.

169 2376 171 2378 ,
199 2336 342 2376 Decem
363 2335 503 2391 legati]
563 2333 740 2382 Q10rutn
767 2346 884 2387 opera

143 2394 186 2434 in
206 2391 309 2432 bello
338 2401 530 2437 meretur,
562 2392 704 2443 quique
733 2389 884 2440 fingulis

144 2450 381 2500 legionibus,
413 2447 546 2498 finguli
578 2446 797 2501 praeessent.
835 2446 886 2486 ,id

146 2507 250 2561 quod
268 2504 436 2545 Caesaris
460 2506 738 2545 Commentarii
755 2505 887 2543 testan-

145 2574 220 2605 tur.
254 2565 291 2602 in
323 2562 418 2602 omf.
447 2572 572 2601 autem
601 2561 647 2600 de
676 2562 887 2614 prouinciis

145 2635 176 2661 e.
193 2633 210 2662 1
223 2633 256 2662 1.
276 2620 348 2658 hoc
363 2620 502 2658 modo:
530 2617 675 2658 AHum
690 2616 740 2669 est
758 2615 805 2657 de
825 2616 888 2657 de-

146 2692 224 2718 cem
249 2677 397 2732 legatis,
417 2690 506 2729 quos
534 2675 608 2714 alii
635 2688 782 2713 omnmo
815 2687 887 2713 non

146 2733 303 2781 dabam,
333 2733 406 2774 alii
436 2732 609 2784 exempla
639 2730 888 2787 quaerebant,

1615 62 1673 116 69

931 171 1004 211 alii
1037 184 1184 223 tempus
1211 171 1466 228 differebant,
1491 173 1565 213 alii
1577 173 1671 227 st'ne

929 228 1023 269 vllis
1040 229 1241 270 verborum
1264 232 1496 270 ornamentis
1513 229 1673 271 dabant.

930 287 973 324 in
997 300 1042 325 ea
1066 300 1208 342 quoque
1225 302 1268 328 re
1272 285 1339 340 sic
1349 286 1439 338 sum
1458 288 1615 330 locutus,
1627 299 1672 328 vt

927 355 1052 382 omnes
1081 345 1364 399 intelltgerent,
1398 357 1456 385 me
1483 343 1538 392 id,
1576 345 1680 400 quod

929 396 1160 450 reipublicae
1177 397 1302 455 εστι-φτ
1315 401 1518 451 sentirem,
1537 400 1674 454 facere

930 453 1083 495 vberius
1104 468 1263 509 propter
1280 457 1397 509 ipsius
1424 460 1440 495 (
1455 459 1600 508 uefiaris
1613 457 1673 498 di-

921 516 1126 567 gnitatem.
1211 515 1350 552 Decem
1390 527 1515 555 autem
1563 515 1674 556 fuisse

930 567 1098 607 Caesaris
1119 567 1287 618 legiones
1302 572 1340 608 in
1355 569 1475 610 Gallia
1492 574 1575 626 post
1585 587 1676 626 pro-

930 635 1100 674 rogatam
1135 629 1169 665 ei
1194 625 1356 666 alterum
1388 631 1427 666 in
1457 632 1674 683 quinquen-

930 684 1037 722 nium
1057 685 1310 737 prouinciam,
1328 683 1491 725 declarat
1511 685 1589 739 ipse
1608 686 1674 728 lib.

930 751 970 793 7.
1011 739 1056 779 de
1092 739 1182 780 bell.
1221 739 1318 780 Gall.
1365 756 1395 781 e.
1424 754 1491 796 90.
1515 745 1675 784 Nouem

931 798 1034 836 enim
1060 797 1214 848 affignat
1239 812 1381 838 nouem
1404 798 1556 849 legatis:
1596 799 1676 853 ipse

931 861 1044 895 vnam
1066 853 1203 902 secum,
1229 857 1403 900 Bibraele
1424 857 1676 906 hiematurus,

931 914 1082 952 retinet.
1119 914 1270 952 Hirtius
1292 915 1406 952 etiam
1426 912 1492 954 lib.
1507 921 1543 964 8.
1565 928 1594 952 c.
1609 925 1675 967 54.

932 979 970 1008 et
992 980 1055 1022 55.
1084 968 1213 1012 decem
1232 968 1400 1019 legiones
1420 985 1525 1011 nono
1538 970 1675 1012 Gallici

932 1028 1087 1080 imperii
1105 1040 1208 1065 anno
1229 1026 1380 1067 Caesari
1390 1029 1499 1067 fuiffe
1520 1028 1680 1068 demon·

934 1085 1035 1131 strat,
1059 1098 1220 1137 quarum
1243 1084 1334 1123 duas
1357 1087 1541 1139 Pompeio
1564 1086 1681 1126 tradi-

935 1150 991 1180 tas
1012 1140 1098 1188 esse,
1119 1151 1303 1194 quattuor
1329 1144 1370 1181 in
1396 1141 1554 1192 Belgio,
1588 1144 1680 1184 toti-

936 1198 1022 1237 dem
1053 1199 1093 1237 in
1122 1198 1345 1239 Aeduorum
1373 1202 1533 1250 regione
1560 1199 1680 1240 collo-

934 1264 1045 1294 catas.
1103 1255 1209 1295 Idem
1230 1254 1342 1310 plane
1374 1258 1572 1297 confirmat
1591 1259 1681 1297 Sue·

933 1313 1062 1352 tonius
1083 1313 1124 1350 in
1150 1311 1252 1353 Iulio
1286 1328 1315 1352 e.
1338 1325 1403 1366 29.
1431 1313 1489 1353 his
1525 1316 1679 1355 verbis:

932 1370 1024 1410 Cum
1050 1368 1290 1422 aduerfizriii
1297 1373 1457 1428 pepigit,
1475 1382 1533 1419 vt,
1554 1371 1686 1424 dimis-

917 1425 983 1480 fis
1014 1424 1094 1465 0520
1132 1426 1362 1482 legiont'bus,
1404 1427 1682 1483 Transalpina-

933 1497 1005 1538 que
1026 1481 1177 1529 Gallia,
1203 1481 1304 1523 dnae
1319 1481 1406 1538 fibi
1438 1485 1613 1541 legiones,
1643 1497 1684 1527 et

936 1539 1128 1592 Cisalpina
1144 1541 1366 1593 prouincia,
1387 1541 1450 1580 vel
1466 1544 1585 1582 etiam
1604 1550 1683 1582 vna

933 1597 1054 1649 legio,
1091 1609 1175 1635 cum
1200 1596 1355 1650 lltyaeco
1394 1597 1683 1646 concederetur,

935 1650 1065 1708 quoad
1087 1650 1356 1705 cousulfieret.
1386 1657 1431 1694 Et
1460 1653 1683 1696 Plutarchus

937 1711 979 1751 in
997 1710 1183 1763 Pompeio
1214 1709 1343 1749 decem
1366 1710 1534 1752 Caesaris
1565 1712 1687 1763 legio·

939 1780 1004 1805 nes
1031 1767 1216 1806 nominat,
1306 1771 1464 1817 Verum,
1482 1769 1540 1808 his
1562 1773 1687 1811 omni·

938 1824 1009 1864 bus
1030 1821 1260 1871 legionibus,
1280 1825 1306 1863 fi
1325 1826 1550 1866 Suetonium
1570 1842 1600 1868 c.
1615 1840 1685 1882 24.

938 1880 1127 1927 audinum,
1153 1893 1232 1919 non
1255 1880 1410 1923 videtur
1427 1895 1450 1922 ι
1475 1882 1607 1925 senatu
1626 1886 1689 1926 sti-

938 1936 1122 1993 pendium
1143 1937 1215 1976 effe
1233 1937 1441 1994 decretum.
1498 1939 1687 2000 Adlegit·

939 2009 1017 2041 nes,
1040 1994 1181 2047 inquit,
1201 2005 1295 2051 qus
1313 2007 1338 2034 a
1360 1995 1558 2051 republica
1588 2012 1689 2041 acce·

936 2061 1068 2105 perat,
1091 2050 1207 2099 alias,
1222 2053 1380 2104 priuato
1407 2051 1552 2103 flamm,
1577 2054 1690 2097 addi-

938 2109 1010 2147 dit.
1040 2105 1260 2146 Plutarchus
1270 2122 1350 2147 non
1361 2109 1576 2160 distinguit3
1606 2121 1689 2152 tan-

941 2174 1036 2212 tum,
1056 2174 1304 2218 prorogatam
1322 2168 1576 2218 prouinciam,
1604 2168 1688 2224 sup-

938 2221 1205 2277 peditatasque
1233 2223 1274 2260 in
1307 2223 1492 2276 stipendia
1519 2223 1687 2267 militum

940 2280 1132 2333 pecuniaS,
1154 2278 1396 2320 demonstrat.
1455 2281 1539 2331 Sed,
1568 2292 1610 2322 vt
1629 2297 1689 2323 reo

943 2335 1052 2374 deam
1071 2335 1117 2373 ad
1141 2334 1307 2385 legatos3
1335 2351 1517 2378 numerus
1545 2353 1567 2379 a
1585 2338 1690 2380 sena·

942 2398 989 2432 tuv
1009 2391 1304 2438 decernebatur3
1331 2393 1535 2446 deligendi,
1553 2405 1590 2437 et
1618 2412 1688 2438 no·

943 2448 1117 2488 minandi
1135 2451 1315 2503 &potestas
1343 2461 1408 2492 aut
1443 2466 1559 2506 penes
1598 2469 1687 2496 eum

943 2516 1037 2554 erat,
1067 2507 1133 2559 qui
1156 2508 1379 2560 prouinciae
1396 2521 1591 2563 praeeram
1620 2522 1687 2553 aut

942 2564 984 2601 in
1004 2577 1050 2602 eo
1077 2573 1176 2602 cette
1196 2561 1344 2604 senatus
1366 2569 1569 2615 gratificari
1598 2582 1695 2609 cone

944 2618 1067 2658 sueuit
1085 2621 1145 2666 iis,
1169 2621 1306 2673 quibus
1335 2621 1472 2672 legati,
1500 2626 1691 2677 reipubli-

943 2690 1007 2715 cae
1044 2677 1233 2725 gerendae
1271 2679 1412 2728 caufl'a,
1452 2679 1688 2730 legabantur.

942 2736 1124 2774 Decretos
1148 2747 1168 2773 a
1186 2733 1328 2785 senatu,
1348 2747 1443 2777 orat.
1464 2751 1536 2792 pto
1557 2740 1684 2780 Sextio

999 2792 1027 2830 Ε
1060 2802 1083 2842 3
1566 2810 1595 2835 c.
1619 2808 1685 2850 14.
