1863 3172
151 186 157 191 .
211 135 295 179 252

199 240 307 292 satis
341 238 525 279 commode
551 237 777 290 supportari
802 234 946 290 poste,

210 299 345 339 timere
364 294 552 335 dicebant.

269 352 406 392 Orbem
431 350 649 399 terrarum]
702 346 842 388 Orbem
869 361 945 389 ter·

210 425 276 451 rae
294 408 359 450 lib.
374 419 409 460 5.
436 407 537 460 epist.
548 417 588 458 7.
619 405 756 445 Ora-em
775 405 945 459 simplici-

211 477 284 513 ter,
304 465 369 503 lib.
386 477 418 517 3,
439 465 485 503 de
502 461 650 517 republ.
670 463 769 516 apud
790 465 946 503 Laetan-

209 526 307 564 tium
318 524 412 575 Epit.
426 536 454 560 c.
471 531 506 561 1.
518 518 621 573 quod
634 522 756 573 poetis
767 521 946 565 vfitatiuS.

267 580 443 632 Imperiis
470 576 703 632 distributis]
754 579 852 617 Cum
875 580 947 616 Ita-

206 637 299 678 liam
320 647 355 675 et
373 633 512 675 Gallias
536 631 698 678 Caesam
732 633 947 687 Hispanias,

208 695 419 741 Graeciam,
445 703 482 731 et
513 689 678 743 reliquas
705 690 841 743 populi
872 694 946 730 Ro·

208 753 312 792 mani
332 750 549 805 prouincias
578 749 777 800 Pompeius
807 758 944 787 teneat.

262 821 410 863 Ardere
429 820 545 869 bello]
595 821 693 871 Apta
723 817 944 858 translatio:

206 882 298 935 quia
317 893 384 917 nec
404 877 579 916 incendio
607 874 814 928 quidquam
834 877 942 914 citius

206 936 403 982 consumit,
432 948 500 972 nec
515 933 593 981 igni
614 931 822 984 quidquam
837 931 941 971 bello

202 993 357 1035 fimilius
373 1009 380 1030 :
413 1004 531 1043 acque
548 990 648 1027 enim
668 991 884 1042 prosternit,
901 1004 943 1028 ac

202 1051 317 1097 delet,
329 1060 587 1102 quaecumque
612 1045 804 1086 inuaserit.
824 1045 889 1086 lib.
904 1049 942 1089 6.

201 1109 252 1148 ad
272 1108 382 1147 Attic.
405 1106 506 1158 epist.
524 1114 557 1154 5.
594 1105 686 1143 Cum
710 1105 864 1143 arderet
881 1106 942 1154 Sy-

201 1170 266 1211 ria
283 1163 392 1204 bello.
432 1164 476 1200 In
494 1162 660 1198 Oratore
688 1173 715 1197 c.
732 1170 794 1200 10.
877 1160 941 1200 Ex

201 1221 372 1263 omnib-us
403 1219 532 1264 terris,
564 1230 640 1256 vna
677 1215 812 1258 Gallia
845 1230 941 1258 com-

200 1280 308 1319 muni
326 1290 399 1315 non
420 1273 533 1315 ardet
554 1273 736 1314 incendio.

254 1351 343 1390 Sine
361 1343 529 1400 legibus]
612 1347 786 1393 Qlarum
804 1356 939 1382 vocem

200 1406 291 1462 q'uis'
306 1408 345 1444 in
357 1417 551 1442 armorum
573 1402 728 1454 strepitu
743 1400 942 1439 exaudiat?

238 1459 439 1516 Iudiciis]
474 1457 581 1499 Bello
600 1458 827 1504 intermistis,
849 1455 939 1506 fuga

200 1521 496 1570 magistratuum.
552 1529 621 1554 nec
658 1529 753 1554 vero
787 1513 937 1552 iudiciis

199 1578 306 1618 locu‘s
328 1575 400 1614 effe
418 1575 553 1629 potest,
586 1587 671 1612 cum
691 1569 857 1612 sublatae
887 1569 938 1611 le-

197 1649 261 1687 ges
286 1635 368 1674 fint.

255 1705 362 1760 Iure]
415 1706 509 1744 Non
546 1701 665 1741 modo
695 1702 849 1747 iudicia,
877 1699 940 1740 sed

199 1766 361 1805 omnino
391 1764 450 1801 ius
483 1758 703 1800 vniuersum
738 1760 845 1797 iacet.
885 1755 936 1796 le-

197 1835 286 1872 gum
315 1823 417 1860 enim
444 1828 481 1857 et
508 1816 741 1856 iudiciorum
777 1813 935 1855 exitium

194 1880 366 1932 sequitur
382 1878 477 1917 iuris
497 1874 652 1913 euerfio.

253 1932 373 1989 Fide]
401 1933 577 1977 Pertinet,
602 1931 756 1983 opinor,
784 1929 857 1967 hoc
885 1927 933 1967 ad

197 1993 355 2034 creditas
379 1991 580 2045 pecunias:
616 2000 779 2040 quarum
807 1988 846 2024 in
876 1984 933 2025 so-

191 2051 353 2097 lutione,
373 2049 441 2086 nisi
460 2045 600 2086 iudicia
616 2046 721 2091 fiant,
738 2042 932 2083 debitores

196 2107 308 2147 fidem
329 2119 407 2144 non
427 2104 624 2157 praestant.
663 2103 737 2139 Pro
756 2098 839 2148 lege
850 2102 930 2138 Ma-

192 2163 286 2204 nilia
307 2177 335 2200 c.
346 2174 385 2214 7.
422 2162 580 2206 Scimus,
606 2160 746 2210 inquit,
773 2158 927 2201 Romae,

183 2221 377 2276 filiatione
393 2215 590 2270 impedita,
606 2215 728 2267 fidem
752 2212 932 2267 concidifi

182 2280 240 2328 sc.
261 2288 296 2316 et
319 2273 528 2314 Caesarlib.
545 2286 579 2326 3.
601 2272 647 2310 de
660 2269 748 2311 bell.
770 2272 842 2310 ciu.
860 2283 930 2310 αι.

190 2336 284 2375 Cum
308 2332 410 2385 fides
439 2341 523 2371 tota
549 2329 669 2369 ltalia
698 2326 783 2383 effi‘t
813 2340 931 2383 angu-

189 2391 294 2444 pior,
316 2403 431 2444 neque
455 2385 625 2444 creditae
649 2385 832 2438 pecuniae
850 2383 930 2438 sol·

178 2441 378 2488 sverentur.
660 2488 665 2492 ,

246 2515 435 2558 Relic'iam
453 2513 660 2565 direptioni
668 2523 707 2552 et
718 2509 926 2563 incendiis]

188 2574 372 2626 Pompeii,
400 2581 443 2625 et>
468 2570 662 2609 consulum
701 2567 801 2618 fuga.
837 2582 924 2606 nam

189 2645 274 2669 cum
297 2627 434 2670 Caesar
451 2629 616 2680 primum
634 2625 841 2672 Pisaurum,
860 2628 926 2664 Fa-

188 2702 294 2732 num,
324 2689 542 2730 Anconam,
571 2683 708 2722 deinde
726 2684 925 2733 lguuium,

188 2746 391 2786 Auximum
415 2739 635 2792 occupasset,
657 2750 781 2779 tantus
792 2753 927 2794 repen-

187 2813 234 2849 te,
255 2801 311 2842 his
334 2799 461 2840 verbis
483 2796 636 2845 auditis,
654 2797 694 2836 in
726 2798 822 2838 vrbe
851 2809 924 2837 tet·

427 124 653 166 PAVLLI
686 122 984 165 MANVTII
1019 124 1539 179 COMMENTARIVS

1003 252 1071 278 ror
1086 240 1235 287 inuasit,
1265 253 1320 290 vt,
1350 256 1434 282 cum
1451 240 1638 282 Lentulus
1652 243 1738 283 coni

990 296 1066 346 fitl
1087 296 1149 336 ad
1171 297 1416 349 aperiendum
1449 300 1649 339 aerarium
1677 312 1758 351 ve·³

1002 349 1130 406 mffit,
1164 351 1220 392 ad
1244 354 1446 406 pecuniam
1481 357 1655 408 Pompeio
1684 367 1737 396 ex

989 409 1153 459 sinatus
1171 408 1338 463 consulto
1351 411 1635 465 proferendam,
1651 423 1739 464 pro-

998 468 1117 514 tinus,
1127 478 1257 519 aperto
1265 467 1460 519 saniliare
1475 470 1642 516 aerario,
1648 480 1740 521 pro·

991 522 1157 579 fiegeret.
1219 524 1358 576 Caesar
1383 527 1484 566 enim
1511 520 1740 575 aduentare,

1001 582 1080 619 iam
1107 581 1260 636 iamque
1283 592 1320 620 et
1344 580 1461 636 adesse
1487 584 1565 622 eius
1592 583 1738 638 equites

994 635 1097 690 falso
1119 639 1416 678 nunciabantur.
1477 640 1593 678 Hunc
1620 639 1738 679 Mar·

999 694 1117 733 cellus
1135 695 1290 751 collega,
1307 706 1345 735 et
1358 695 1526 748 plerique
1539 695 1739 751 magistra-

999 759 1063 788 tus
1092 751 1277 802 conficuti
1294 753 1403 803 sunt.
1445 752 1509 792 Cn.
1537 752 1739 804 Pompeius

993 808 1122 858 pridie
1139 810 1220 847 eius
1244 807 1320 848 diei
1345 823 1395 849 ex
1413 808 1507 849 vrbe
1529 807 1740 863 profeae‘ius,

999 864 1077 902 iter
1096 862 1153 902 ad
1165 866 1327 920 legiones
1344 863 1516 913 hahebat,
1535 876 1604 905 etc.
1649 867 1738 904 Hoc

997 918 1076 972 ipse
1101 921 1238 961 Caesar
1260 921 1398 975 scripsit
1426 920 1491 962 lib.
1516 933 1550 963 1.
1571 922 1618 961 de
1645 918 1737 960 bell.

1000 978 1071 1014 ciu.
1092 988 1202 1030 c.·14.
1239 980 1316 1017 Dio
1344 977 1491 1032 lib.41.
1528 988 1566 1018 et
1599 980 1737 1018 Cicero

997 1031 1075 1086 ipse
1095 1032 1142 1072 ad
1166 1037 1373 1083 Tironem,
1393 1034 1459 1076 lib.
1475 1039 1536 1078 16.
1557 1037 1660 1089 epist.
1674 1046 1740 1077 12.

998 1092 1177 1130 Patriam
1216 1091 1339 1145 ipsam
1378 1094 1446 1133 vel
1476 1091 1738 1144 diripiendam

996 1147 1064 1186 vel
1077 1147 1393 1199 inflammandam
1429 1150 1663 1205 reliquimus.
1698 1158 1738 1188 et

995 1201 1063 1242 lib.
1080 1211 1116 1252 8.
1138 1204 1186 1245 ad
1207 1207 1319 1247 Attic.
1350 1207 1452 1260 epist.
1463 1217 1502 1246 2.
1549 1206 1641 1245 Non
1668 1220 1739 1246 ex·

989 1261 1108 1313 pulsi,
1115 1261 1194 1312 fid
1208 1265 1357 1303 euocati
1380 1277 1400 1302 e
1427 1264 1584 1315 patria‚·
1620 1275 1736 1318 quam

997 1330 1072 1357 non
1102 1318 1340 1368 seruandam
1370 1318 1426 1359 ad
1457 1318 1626 1359 reditum
1668 1333 1739 1359 no-

980 1372 1129 1430 strum,
1143 1375 1224 1426 fid
1237 1374 1499 1429 diripiendam
1528 1388 1567 1416 et
1584 1376 1736 1429 inflam-

994 1430 1178 1472 mandam
1205 1435 1443 1489 reliquimus.

1050 1487 1252 1545 Audeam]
1280 1493 1333 1530 Eo
1355 1489 1506 1531 redaeta
1538 1503 1598 1529 res
1619 1490 1681 1536 est,
1692 1498 1737 1529 vt

994 1559 1064 1587 nec
1111 1557 1245 1600 optare
1289 1548 1500 1603 quidquam
1551 1546 1735 1588 audeam:

995 1618 1081 1642 cum
1100 1613 1226 1644 tamen
1246 1616 1380 1658 optare
1402 1602 1534 1652 multa,
1562 1604 1626 1644 vel
1654 1605 1734 1644 fine

994 1660 1070 1714 spe,
1091 1659 1288 1701 soleamus.
1309 1661 1411 1701 vnde
1427 1660 1525 1701 illud
1545 1660 1612 1701 lib.
1632 1675 1664 1702 ι.
1681 1659 1734 1700 de

995 1720 1102 1757 Orat.
1123 1731 1231 1760 c.21.
1255 1720 1337 1759 Hoc
1353 1720 1432 1760 loco
1448 1717 1651 1772 Sulpicius,
1673 1719 1732 1757 in-

979 1777 1165 1828 speranti
1196 1775 1298 1822 mihi,
1331 1777 1468 1831 inquit,
1507 1785 1544 1816 et
1575 1775 1733 1822 Cottae,

979 1831 1059 1885 sed
1074 1831 1190 1872 valde
1210 1835 1360 1885 optanti
1372 1834 1526 1888 vtrique
1548 1831 1730 1886 nqstrum,

990 1887 1140 1936 cecidit,
1170 1899 1214 1928 vt
1232 1891 1273 1928 in
1299 1889 1408 1944 istum
1424 1889 1730 1942 sermonemffde·

988 1945 1224 1988 laberemini.

1043 2003 1131 2057 Sin]
1181 2003 1358 2055 Saepim,
1411 2000 1665 2043 antecedente
1680 2001 1736 2055 st

984 2060 1207 2113 vsurpatur:
1246 2057 1440 2100 interdum
1481 2070 1608 2100 tamen
1644 2060 1728 2099 fim-

985 2116 1146 2172 pliciter,
1175 2125 1217 2156 vt
1246 2115 1312 2156 lib.
1328 2129 1364 2169 3.
1393 2116 1440 2156 de
1473 2113 1581 2156 Orat.
1611 2131 1640 2158 c.
1657 2127 1726 2169 33.

985 2176 1168 2230 Plerique
1185 2171 1242 2213 ad
1265 2173 1421 2214 honores
1450 2172 1726 2228 adipiscendos,

986 2243 1024 2273 et
1039 2230 1095 2270 ad
1110 2229 1384 2283 rempublicam
1393 2232 1602 2286 gerendam
1627 2229 1724 2270 nudi

986 2290 1144 2328 veniunt
1165 2297 1280 2343 atque
1301 2288 1463 2327 inermes
1475 2304 1489 2337 ,·
1528 2287 1643 2328 nulla.
1664 2302 1724 2328 co·

979 2347 1155 2401 gnitione
1171 2358 1316 2391 rerum,
1343 2344 1454 2384 nulla
1465 2344 1637 2395 fiientia
1664 2357 1725 2384 or·

985 2403 1083 2441 nati.
1137 2401 1204 2441 Sin
1228 2401 1366 2456 aliquis
1392 2402 1547 2442 excellit
1575 2415 1674 2443 vnus
1700 2415 1723 2443 e

983 2459 1139 2508 mztltis‚·
1163 2453 1279 2509 effi’rt
1287 2458 1346 2510 fi’.

1036 2515 1192 2554 Homini
1211 2512 1552 2568 prudemiffimo]
1590 2512 1721 2553 Eidem

981 2573 1022 2611 in
1055 2568 1208 2624 epistola
1244 2569 1416 2623 sequenti
1443 2569 1624 2609 summam
1652 2572 1719 2610 tri·

979 2630 1066 2669 buit
1098 2627 1341 2680 sapientiam,
1382 2630 1423 2666 in
1448 2629 1558 2667 tertia
1594 2640 1718 2681 prope

981 2683 1215 2733 singularem.

1038 2741 1225 2795 colloqui]
1273 2739 1330 2778 De
1359 2736 1486 2777 officio
1514 2741 1717 2792 Vtriusque

982 2800 1162 2838 nostrum.
1175 2794 1279 2850 quod
1290 2795 1500 2835 Trebatius
1511 2795 1715 2850 scripserat.

1525 2852 1718 2909 Longius]
