1863 3172
262 157 318 201 92

321 247 548 313 Perfunf't‘o]
577 261 635 298 Sic
660 259 761 311 epist.
778 264 814 306 8.
847 256 1002 297 Labori-

259 317 326 358 bus
371 319 551 356 maximis
596 313 793 367 perfunHi
842 310 1001 368 effbmus.

260 377 343 415 Nec
364 374 544 412 abhorret
557 373 603 411 ab
625 371 690 409 vsu
712 373 839 410 Latini
859 369 999 410 sermo·

260 433 332 478 nis,
352 432 388 477 fi,
401 428 609 480 perfum‘Io,
630 427 771 467 referas
781 427 840 476 ad,
852 429 999 477 multal':

260 502 344 526 cum
366 488 576 525 Terentius
599 499 756 538 quoque
784 487 824 524 in
846 485 997 524 Phorm.

259 546 339 583 Aa.
351 557 388 585 2.
415 545 468 582 Sc.
489 555 518 582 ι.
539 557 575 583 v.
590 554 655 595 51.
677 541 836 582 dixerit:
879 540 881 542 ’

450 627 616 668 Ριιηέῖω·
643 627 914 680 adolescentuli
944 626 996 682 est

312 684 488 738 Officium
508 684 692 725 liberalis.

309 769 432 824 Qetn
453 769 588 809 bonum
617 771 739 809 ciuem
751 769 903 821 semper·
934 767 997 806 ha-

255 825 399 880 btzsffbt,
426 825 562 865 bonum
594 828 726 865 virum
754 823 817 877 eff}
844 835 994 875 patere-

254 877 338 935 tuir]
371 885 413 920 In
436 885 578 935 optima
599 881 791 936 republica
816 879 912 919 nihil
938 882 994 919 in-

253 949 312 979 ter
332 941 477 978 bonum
499 941 633 986 ciuem,
649 951 684 978 et
699 941 844 977 bonum
865 940 993 976 virum

251 995 440 1042 interesse,
454 996 563 1035 docet
580 995 795 1035 Aristoteles
816 994 990 1048 pluribus

252 1054 381 1092 verbis
410 1051 524 1102 lib.3.
555 1052 662 1092 Polit.
696 1067 784 1091 nam
811 1054 852 1091 in
880 1066 991 1106 repu-

251 1109 350 1150 blica
373 1112 516 1162 optime
537 1112 704 1148 instituta
726 1108 822 1148 nihil
849 1111 900 1147 est
919 1111 990 1148 vti-

250 1164 301 1213 le,
323 1166 426 1219 quod
439 1181 517 1206 non
537 1167 745 1205 honestum.
775 1169 902 1219 itaque
921 1167 990 1204 bo-

250 1238 321 1262 nus
344 1225 436 1261 ciuis
456 1225 502 1262 ab
523 1223 650 1261 officio
671 1225 767 1263 boni
785 1225 858 1262 viri
876 1222 990 1262 disce-

250 1280 340 1319 dere
360 1295 438 1318 non
470 1282 630 1329 cogitur.
685 1283 758 1319 Hic
787 1291 912 1320 autem
932 1281 992 1319 Ci-

251 1351 338 1375 cero
376 1338 522 1376 bonum
551 1339 673 1376 ciuem
712 1352 733 1376 a
761 1339 868 1377 bono
902 1340 990 1377 viro

250 1394 464 1442 distinguit,
501 1396 590 1446 quia
626 1397 772 1447 patriae
809 1393 915 1433 simul
954 1405 991 1434 et

249 1453 439 1489 amicitiae
494 1450 704 1490 satisfacere
750 1467 830 1491 non
868 1452 989 1505 poffit.

247 1522 396 1554 verum,
416 1507 565 1547 duobus
586 1511 788 1562 propositis
810 1509 990 1555 honestis,

249 1566 394 1604 minori
422 1567 543 1603 maius
581 1565 883 1618 praeferendum'
917 1564 987 1605 effe

249 1625 334 1675 quis
356 1622 528 1661 dubitet?
551 1625 677 1661 maior
693 1625 810 1672 igitur
828 1624 986 1676 patriae,

249 1693 361 1731 quam
383 1681 582 1726 amicitiae,
606 1680 779 1720 habenda
799 1683 898 1720 ratio
922 1681 986 1727 est,

250 1736 354 1788 quod
377 1735 453 1788 ipse
472 1735 536 1776 lib.
553 1749 587 1789 3,
608 1737 653 1775 de
667 1738 774 1777 Offic.
794 1753 823 1776 c.
840 1749 902 1778 10.
924 1736 987 1776 de-

249 1792 373 1831 clarat.
403 1793 514 1849 ‚Qme
533 1792 728 1842 videntur,
753 1796 892 1848 inquit,
912 1796 988 1834 vti-

246 1850 315 1895 lia,
351 1849 520 1895 honores,
547 1850 727 1898 diuitiae,
757 1854 987 1903 voluptates,

246 1918 374 1947 cetera
385 1909 541 1961 generis
570 1908 749 1955 eiusdem,
778 1909 870 1948 haec
896 1910 989 1947 ami-

245 1965 361 2003 citiae
381 1977 584 2018 numquam
604 1964 866 2017 anteponenda
876 1965 985 2015 sunt.

244 2021 306 2061 At
326 2034 443 2074 neque
459 2030 593 2060 contra
610 2022 893 2073 rempubfieam.
925 2036 986 2061 ne·

244 2092 316 2133 que
335 2087 470 2115 contra
488 2078 769 2126 iusiurandum,
797 2094 842 2118 ac
847 2077 984 2131 fidem,

247 2135 363 2173 amici
395 2132 531 2187 catgffcss
577 2137 642 2174 vir
691 2135 807 2175 bonus
845 2135 982 2187 faciet.

245 2194 498 2242 Qiamquam
520 2206 605 2230 cum
626 2191 736 2239 dicat,
763 2191 900 2231 bonum
927 2194 983 2232 vi-

243 2262 331 2286 rum
365 2245 430 2299 ejssb
462 2258 684 2299 pateretur,
712 2250 814 2302 quasi
841 2251 982 2298 gratiae

243 2303 329 2343 loco
340 2302 501 2355 postulat
512 2306 558 2344 ab
570 2305 646 2358 ipsa
657 2305 865 2359 republica,
877 2306 982 2359 quod

242 2362 291 2400 ab
313 2363 391 2399 eius
412 2363 624 2402 rationibus
653 2362 819 2403 alienum
837 2363 923 2411 effe,
942 2363 982 2403 id

244 2420 308 2464 est,
330 2417 434 2470 quod
451 2418 578 2457 officio
607 2421 702 2460 boni
728 2422 820 2459 ciuis
846 2420 981 2460 aduer-

243 2474 328 2520 sari,
357 2489 434 2513 non
464 2476 625 2523 ignorat.
710 2478 875 2516 Eandem
902 2477 981 2517 sen-

243 2533 400 2571 tentiam
418 2533 458 2569 in
477 2542 571 2572 orat.
601 2547 672 2586 pro
691 2532 845 2574 Plancio
871 2550 899 2574 c.
913 2542 978 2585 38.

243 2587 372 2642 posuit
402 2588 458 2625 his
489 2591 640 2628 verbis:
676 2592 750 2630 Res
777 2605 867 2631 vero
896 2591 978 2644 ipsa

237 2645 405 2698 publica,
419 2643 458 2695 fi
471 2645 573 2696 loqui
597 2644 723 2699 p'ffi’t,
749 2659 878 2703 ageret
906 2662 979 2688 me-

242 2716 338 2748 cum,
349 2712 402 2748 vt,
416 2704 591 2754 quonium
587 2702 669 2755 fibi
683 2702 977 2757 seruiffimsnsp

236 2771 321 2811 per,
343 2772 545 2812 numquam
570 2760 661 2799 mihi
672 2776 686 2796 .·
722 2760 879 2811 frm‘Jns
911 2775 978 2800 au-

242 2827 319 2855 tem
340 2828 389 2855 ex
399 2815 480 2867 sese
496 2828 583 2864 non,
598 2828 638 2858 vt
657 2815 882 2872 oportufft,
902 2818 982 2858 bae-

459 147 689 187 PAVLLI
739 143 1031 186 MANVTII
1077 146 1600 201 COMMENTARIVS

1058 269 1129 306 tos,
1157 269 1197 299 et
1222 260 1380 308 vberes,·
1389 260 1465 311 [ἑά
1489 262 1632 314 mag‘na
1655 260 1794 302 acerbi-

1057 325 1140 355 tate
1162 318 1392 367 permixtos,
1422 316 1606 369 tuliffiem:
1643 329 1687 358 vt
1715 318 1796 358 iam

1056 372 1150 411 mihi
1156 372 1363 423 seruirent,
1388 375 1617 426 consulerem
1633 376 1737 414 nieis.

1113 443 1160 481 In
1179 443 1261 482 illis
1290 453 1420 483 autem
1449 448 1539 484 meis
1561 444 1793 495 ustionibus]

1055 501 1246 538 Hactenus
1273 499 1455 547 ostendit,
1484 499 1529 539 'se
1556 512 1593 540 et
1621 504 1794 555 Pompeii

1054 555 1186 603 caussa,
1213 558 1274 601 cui
1308 555 1463 595 deberet
1489 556 1717 610 plurimum,
1754 569 1792 598 et

1052 611 1179 651 fratris
1199 612 1255 652 sui
1275 612 1362 660 fide,
1392 626 1507 666 quam
1535 616 1716 668 Pompeio
1743 614 1791 653 de

1054 668 1090 708 se
1111 669 1277 717 dederat,
1295 669 1500 709 adduehnn
1517 669 1603 718 effe,
1629 686 1677 710 ne
1697 670 1792 723 quid

1053 725 1216 780 amplius
1253 737 1385 766 contra
1418 726 1585 766 Caesaris
1619 726 1794 767 volunta-

1052 792 1129 822 tem
1146 781 1368 823 moliretur:
1394 799 1495 823 nunc
1511 783 1792 825 alteram'caus-

1051 839 1127 878 sam
1147 839 1270 888 affert,
1290 854 1358 880 cur
1374 855 1395 879 a
1416 841 1480 880 sua
1507 841 1689 880 sententia
1717 840 1794 880 dis·

1050 896 1215 943 cesserit,
1244 897 1574 945 maleuolentiam,
1600 909 1638 937 et
1666 899 1792 938 obtre-

1049 955 1253 993 &ationem
1278 955 1520 1007 quorundam
1548 957 1788 1009 optimatum.

1105 1024 1364 1076 Videbantur]
1429 1029 1551 1075 Quia,
1591 1024 1696 1078 quod
1740 1025 1788 1065 ad

1047 1080 1244 1121 Caesarem
1264 1084 1454 1129 attineret,
1480 1081 1586 1123 simul
1613 1082 1661 1121 ad
1681 1085 1789 1123 Porn-

1046 1140 1190 1193 peium,
1212 1138 1378 1178 Caesaris
1398 1153 1594 1190 generum,
1624 1142 1787 1180 attinere

1046 1195 1255 1235 videretur.

1105 1267 1303 1306 certorum
1335 1266 1540 1321 hominum]
1599 1270 1786 1309 Catonem

1045 1325 1086 1362 in
1103 1326 1247 1377 primis,
1275 1322 1468 1373 Bibulum,
1498 1328 1540 1365 L.
1559 1327 1785 1377 Domitium,

1046 1380 1215 1420 Caesaris
1260 1383 1449 1429 inimicos,
1496 1380 1690 1422 describit:
1736 1383 1784 1423 de

1045 1439 1184 1490 quibus
1205 1436 1326 1476 infra:
1351 1437 1523 1493 ‚Qgeidam
1539 1438 1716 1487 homines,
1746 1450 1786 1480 et

1044 1494 1161 1535 iidem
1181 1496 1256 1542 ilci,
1277 1509 1366 1551 quos
1375 1496 1493 1548 saepe
1517 1507 1626 1543 nutu,
1642 1496 1787 1553 fignifi-

1044 1554 1261 1607 cationeque
1287 1551 1455 1604 appello,
1486 1566 1569 1592 cum
1584 1553 1632 1603 se
1659 1554 1785 1595 maxi-

1044 1623 1145 1648 mum
1170 1607 1351 1661 fruHum
1381 1606 1507 1661 cepiffi’
1535 1607 1707 1649 dicerent
1731 1624 1784 1651 ex

1043 1664 1225 1705 libertate
1245 1679 1341 1712 mea,
1360 1678 1488 1718 meque
1513 1676 1597 1705 tum
1624 1665 1784 1723 denique

1029 1721 1116 1777 sthi
1136 1719 1199 1774 ‘ffi'
1219 1719 1345 1776 vifizm
1377 1721 1628 1774 reipublicae,
1657 1724 1786 1779 qualis

1035 1776 1204 1833 fug'ffem,
1220 1779 1450 1832 restitutum,
1468 1793 1624 1831 cumque
1642 1795 1686 1819 ea
1701 1794 1785 1820 con·

1044 1838 1164 1875 tentio
1194 1837 1289 1876 mihi
1330 1848 1511 1892 magnum
1541 1838 1660 1875 etiam
1678 1836 1783 1888 foris

1035 1890 1399 1946 frttffum‘tttljffit.·
1418 1892 1594 1949 gaudere
1613 1894 1661 1943 se
1682 1891 1784 1934 dice·

1043 1948 1150 1997 bant,
1172 1949 1264 1989 mihi
1282 1961 1321 1989 et
1352 1949 1463 1989 illum
1497 1950 1715 1997 inimicum,
1742 1961 1781 1990 et

1042 2020 1114 2054 eos,
1146 2008 1212 2062 qui
1244 2009 1284 2046 in
1321 2003 1453 2046 eadem
1494 2003 1616 2060 cmgffix
1658 2004 1780 2060 essent,

1041 2077 1247 2118 numquam
1265 2064 1400 2102 amicos
1417 2062 1587 2113 futuros.
1614 2062 1781 2104 Eosdem

1040 2121 1080 2158 in
1110 2130 1205 2160 orat.
1233 2120 1280 2158 de
1307 2121 1517 2173 prouinciis
1552 2134 1581 2160 c.
1602 2132 1666 2174 19.
1690 2119 1779 2160 defi-

1039 2187 1149 2226 gnat:
1178 2179 1212 2216 A
1232 2179 1330 2217 viris
1336 2175 1567 2229 fortq'fflmis,
1599 2189 1638 2217 et
1657 2179 1702 2217 de
1719 2192 1778 2219 me

1038 2237 1175 2286 optime
1192 2235 1340 2273 meritis
1362 2232 1588 2289 quibusdam
1601 2244 1700 2287 peto,
1719 2246 1778 2283 vt,

1024 2290 1078 2343 fi
1091 2303 1157 2346 ego
1174 2291 1260 2331 illos
1278 2303 1444 2330 meorum
1465 2289 1652 2338 laborum,
1672 2302 1710 2331 et
1720 2294 1778 2332 in-

1037 2347 1313 2388 commodorum
1334 2348 1544 2399 participes
1571 2345 1635 2401 effe
1656 2349 1777 2396 nolui,

1037 2417 1085 2445 ne
1112 2405 1177 2445 illi
1203 2418 1262 2445 me
1284 2405 1452 2455 suarum
1478 2405 1777 2446 inimicitiarum

1030 2462 1174 2513 focium
1192 2461 1315 2501 velint
1338 2457 1416 2515 este.

1095 2532 1188 2572 Non
1201 2529 1434 2584 fictisfacere
1461 2530 1651 2584 Pompeio]
1672 2532 1773 2580 Quia

1034 2602 1136 2628 meas
1152 2590 1334 2635 afflones,
1356 2602 1398 2627 ac
1423 2586 1624 2627 sententias
1655 2588 1701 2627 ad
1727 2587 1773 2627 il·

1033 2645 1106 2685 liuv
1126 2644 1377 2692 voluntatem,
1397 2644 1442 2683 de
1463 2643 1579 2683 soceri
1600 2647 1772 2697 potentia

1033 2702 1255 2750 laborantis,
1281 2715 1414 2755 parum
1433 2700 1769 2742 accommodarem.

1033 2760 1134 2798 Dicit
1151 2759 1252 2812 idem
1271 2758 1336 2798 lib.
1348 2771 1387 2812 4.
1403 2759 1451 2797 ad
1475 2758 1582 2797 Attic.
1607 2759 1709 2811 epist.
1731 2772 1769 2811 ς.

1035 2815 1187 2873 Qibus
1215 2816 1438 2869 fintentiis-
1467 2816 1570 2863 dixi,
1607 2817 1707 2870 quod
1733 2825 1772 2855 et

1700 2869 1778 2925 ¹⁶11st
