1863 3172
495 0 522 28 X

336 85 407 129 IN
436 86 551 128 Cle.
580 84 782 128 EPIST.
809 87 945 128 FAM.
974 84 1082 125 LIB.
1110 84 1141 128 1.
1169 83 1359 124 EPIST.
1387 87 1431 125 V.
1603 93 1654 135 53

106 200 358 251 interrogaret
385 198 472 239 suos
498 201 539 239 in
557 202 742 240 concione
755 202 847 240 stan-

108 269 177 306 tes,
199 259 281 310 quis
300 255 402 304 esset,
415 258 483 309 qui
504 256 653 310 plebem
675 257 775 297 fame
786 271 848 296 ne-

107 316 230 354 caret?
253 312 534 366 respondebant
554 328 707 367 operae,
739 317 847 353 Pom-

104 372 232 427 peius3
257 373 342 423 quis
366 370 633 410 Alexandriam
655 374 711 411 ire
738 385 846 425 cupe-

101 428 185 468 ret?
240 428 456 481 Pompeius.
541 428 597 467 Ad
630 430 845 482 conuicium

99 485 266 536 impetus
287 486 453 525 acceffit:
477 500 564 524 nam
585 488 625 525 in
646 496 742 524 orat.
772 499 843 538 pro

100 539 250 582 Milone
263 555 294 583 c.
312 554 375 588 15.
433 542 593 600 Quiri&
606 545 746 595 inquit,
763 544 843 594 pri-

100 608 191 638 vato
224 600 394 647 Milone,
424 613 460 637 et
482 614 545 638 reo
577 598 634 638 ad
645 600 841 652 populum,

97 668 190 693 σει-η
211 667 300 695 unte
330 657 374 696 Ρ.
406 654 555 702 Clodio,
587 670 672 695 cum
700 658 744 694 in
774 657 839 695 Cn.

100 711 316 764 Pompeium
332 725 404 766 pro
416 712 563 752 Milone
572 711 760 752 dicentem
771 714 839 751 im·

39 776 42 781 '
88 778 203 820 petus
215 767 349 820 facqus
369 768 443 818 est:
469 783 565 824 quae
584 781 667 810 tum
689 784 762 809 non
771 783 844 809 mo-

95 823 150 864 do
166 824 329 875 occasio,
348 827 426 878 fid
442 828 561 865 etiam
589 823 713 880 caussa
732 828 842 866 illius

96 879 455 935 opprimetzdifuit?
478 883 561 922 Lib.
586 896 621 924 2.
634 883 680 922 ad
696 887 750 933 Q
779 885 838 922 Fr.

81 938 198 990 cepist.
235 950 269 990 3.
344 941 456 978 Horu
470 939 562 991 [ενι-
591 954 702 988 nona,
731 940 847 992 qucfi'

77 995 199 1051 thtw
207 993 310 1045 dam,
337 995 515 1036 Clodiani
534 996 676 1053 nostros
686 998 836 1050 conspu-

93 1062 182 1091 tare
200 1064 413 1104 coeperunt.
470 1053 634 1106 Exsztfi't
644 1054 758 1094 dolor.
772 1068 836 1094 vr·

41 1150 46 1156 1
85 1121 182 1166 gere
202 1110 279 1157 illi,
300 1120 343 1149 vt
363 1111 441 1150 loco
459 1125 525 1150 nos
545 1122 751 1151 mouerent.

74 1192 78 1205 .
147 1164 323 1206 Inflatus
340 1167 417 1219 est]
454 1169 693 1218 Exagitatus,
725 1168 837 1208 vehe-

91 1233 239 1263 menter
260 1222 463 1277 perculsus.

149 1278 315 1332 Catone]
346 1283 386 1321 C.
400 1283 548 1320 Catone
572 1281 732 1321 tribuno
758 1279 835 1336 ple·

91 1338 162 1385 δὶς,
174 1336 220 1376 de
241 1352 320 1391 quo
345 1337 467 1392 supra.

31 1438 40 1443 ,
149 1395 395 1436 Vehementer
440 1392 506 1448 effi·
556 1394 833 1449 perturbatus]

87 1453 182 1493 Non
211 1462 314 1500 tam,
348 1452 454 1505 quod
483 1451 614 1506 aspere
643 1463 680 1492 et
698 1455 832 1493 acerbe

86 1507 277 1548 accusatus
290 1507 379 1549 esset
398 1522 421 1548 a
432 1511 588 1555 Catone,
601 1523 715 1563 quam
726 1511 832 1564 quod

86 1564 303 1606 senatorum
322 1568 493 1606 omnium
520 1580 659 1616 magno
669 1566 831 1611 filentio.

86 1623 156 1663 hac
176 1623 222 1663 de
241 1639 282 1664 re
299 1625 344 1663 fic
355 1623 420 1663 lib.
434 1634 470 1663 2.
489 1623 534 1662 ad
548 1627 672 1673 QFr.
685 1626 786 1678 epist.
796 1638 832 1679 3.

87 1681 142 1721 Eo
160 1680 223 1722 die
245 1681 340 1723 Cato
358 1681 412 1734 cst
424 1681 660 1721 vehementer
669 1682 710 1720 in
723 1683 830 1721 Pom-

77 1739 211 1794 peium
241 1736 431 1786 inne-Hm,
462 1749 500 1777 et
533 1753 618 1778 eum
657 1740 832 1779 oratione

80 1804 280 1850 perpetua,
311 1807 508 1851 tamquam
526 1809 636 1834 reum
651 1825 660 1843 ‚
681 1797 830 1847 accusa-

84 1854 157 1893 vit.
213 1853 278 1893 De
294 1867 351 1894 me
370 1852 507 1900 multa,
519 1866 577 1891 me
597 1853 829 1900 inuit0,cum

72 1924 169 1962 *mea
177 1910 333 1961 stimma
350 1909 476 1956 laude,
495 1907 613 1948 dixit.
674 1909 767 1948 Cum
781 1910 827 1949 il·

85 1967 162 2007 lius
179 1969 220 2006 in
230 1981 289 2006 me
298 1964 499 2018 perfidiam
518 1967 750 2018 increparet,
762 1980 826 2005 au-

84 2021 191 2064 ditus
217 2023 269 2080 est
287 2036 424 2078 magno
439 2021 604 2075 filentio
622 2023 826 2062 maleuolo-

82 2094 181 2121 rum.
238 2079 483 2120 prudentiam
512 2080 709 2118 Ciceronis
737 2078 827 2120 licet

81 2139 123 2176 in
142 2138 213 2176 hoc
224 2135 662 2188 animaduertere‚quod,
672 2135 719 2174 ad
728 2138 821 2175 Len-

84 2192 204 2234 tulum
224 2209 309 2234 cum
334 2193 486 2240 scribit,
516 2191 553 2232 se
579 2191 774 2233 laudatum
800 2208 822 2233 a

80 2254 241 2300 Catone,
261 2266 340 2291 non
352 2250 467 2291 dicit:
489 2264 537 2289 ne
557 2252 727 2289 animum
739 2253 820 2290 eius

80 2307 304 2349 offenderet.
330 2322 409 2348 non
423 2309 522 2346 enim
544 2321 670 2360 aequo
689 2309 819 2347 animo

77 2364 261 2406 Lentulus
280 2365 379 2405 ferre
398 2363 531 2419 poffet,
557 2366 605 2404 ab
626 2378 672 2403 eo
692 2363 819 2404 lauda-

77 2437 159 2464 tum
180 2421 250 2463 effe
268 2425 489 2462 Ciceronem
508 2424 550 2460 in
571 2421 725 2468 senatu,
752 2424 820 2475 qui

77 2481 317 2530 rogationem
350 2479 396 2518 de
424 2481 588 2532 imperio
618 2480 685 2517 fibi
706 2479 818 2518 abro-

77 2537 200 2587 gando
232 2535 551 2590 promulgauerat.
590 2537 631 2574 in
662 2534 705 2574 ea
721 2549 815 2575 vero

75 2595 122 2634 ad
144 2594 299 2634 fratrem
330 2591 505 2647 epistola,
525 2590 668 2640 libere,
696 2603 737 2632 vt
757 2607 816 2632 res

75 2663 168 2699 erat,
186 2654 237 2690 ita
260 2650 405 2691 scribit:
435 2663 665 2703 quamquam
697 2649 815 2697 addit,

75 2724 133 2748 me
153 2710 289 2748 inuito.-
316 2721 364 2747 ne
384 2708 582 2746 videretur
592 2708 672 2746 eius
691 2707 812 2745 homi-

77 2767 134 2806 nis
161 2767 337 2806 oratione
365 2763 571 2813 delectari,
614 2764 682 2817 qui
709 2763 813 2804 suam

905 196 1058 237 laudem
1082 200 1253 252 Pompeii
1276 195 1543 240 cuminfamia
1565 208 1652 233 con-

904 257 1091 304 iungeret.
1176 254 1393 294 Alienatum
1426 268 1446 293 a
1469 254 1651 304 Pompeio

905 310 1075 350 senatum
1104 311 1324 352 Plutarchus
1345 309 1527 357 ostendit,
1559 311 1650 363 quia

905 369 1132 407 Ciceronem
1160 369 1355 422 superiore
1375 382 1500 414 anno,
1519 381 1540 406 a
1562 365 1649 405 Clo-

905 424 971 464 dio
989 426 1147 465 tribuno
1158 425 1279 480 plebis
1299 423 1648 479 oppugnatum,de·

902 481 1090 521 strueret:
1129 494 1332 536 propterea
1349 512 1360 529 ,
1393 498 1476 522 cum
1498 484 1537 519 C.
1549 483 1646 521 Cato

900 538 1098 593 perfidiam
1124 542 1204 579 eius
1229 542 1269 578 in
1289 542 1645 579 Ciceronemintre-

899 607 1019 650 paret,
1050 611 1189 648 magno
1211 599 1384 637 omnium
1412 595 1558 636 silentio
1580 610 1647 636 au·

899 653 1000 693 ditus
1023 655 1084 694 est.

958 710 1079 751 Nihil
1084 712 1185 750 enim
1195 708 1269 752 tibi
1285 710 1459 750 detraxit
1460 702 1643 760 senatus]

900 767 1066 808 Dederat
1094 769 1183 816 tibi,
1206 778 1248 807 vt
1263 780 1393 816 regem
1422 764 1644 805 reducerest

899 824 940 863 id
963 826 1090 878 postea
1107 839 1187 864 non
1206 824 1392 871 detraxit,
1421 822 1483 862 sed
1505 821 1643 861 exerci-

899 892 1002 921 tum:
1040 896 1154 935 quem
1183 896 1263 922 non
1293 892 1370 921 tam
1399 882 1490 928 tibi,
1528 891 1646 932 quam

897 941 1060 978 omnino
1083 941 1263 980 omnibus
1284 939 1505 992 ademptum
1525 936 1646 974 existi·

897 1010 1002 1035 mare
1018 996 1144 1037 debes.
1201 999 1289 1037 Duo
1319 996 1466 1035 senatus
1497 990 1645 1032 consul-

895 1063 932 1092 ta
953 1052 1050 1093 facia
1077 1053 1151 1094 effe
1173 1055 1250 1094 iam
1279 1053 1380 1101 dixi,
1408 1065 1527 1092 vnum
1559 1047 1642 1103 ipso

893 1110 1060 1151 Lentulo
1083 1109 1236 1150 consule
1263 1109 1474 1156 referente,
1503 1118 1546 1146 vt
1576 1120 1642 1145 rex

893 1182 915 1206 a
936 1166 1102 1208 Lentulo
1111 1168 1378 1215 reduceretur;
1399 1167 1574 1210 alterum,
1586 1177 1645 1202 re-

894 1224 1042 1265 ferente
1063 1224 1290 1265 Marcellino
1307 1224 1475 1272 consule,
1497 1220 1545 1261 n(⁸
1557 1235 1642 1260 cum

895 1284 1064 1322 exercitu
1083 1283 1343 1324 reduceretur.

951 1354 1029 1394 Per
1062 1353 1221 1394 eandem
1267 1347 1526 1409 reIIgionem]
1571 1349 1642 1386 Per

892 1424 1007 1464 quam
1028 1411 1098 1450 tibi
1121 1411 1286 1451 detraxit
1315 1410 1536 1450 exercitum.
1572 1406 1641 1444 ita-

891 1482 966 1521 que
978 1466 1074 1506 nihil
1085 1469 1156 1508 tibi
1167 1469 1324 1521 proprie
1345 1468 1396 1506 est
1407 1463 1641 1516 ademptum,

890 1525 952 1564 secl
989 1524 1096 1578 quod
1146 1525 1289 1565 habere
1323 1521 1477 1580 prorsus
1522 1532 1638 1558 nemo

888 1583 1020 1642 potest.
1474 1615 1477 1617 ,

944 1652 1005 1702 1d,
1031 1653 1135 1710 quod
1158 1647 1379 1708 cogitabat]
1409 1644 1636 1687 Faciliorem

888 1712 991 1750 enim
1020 1711 1089 1750 fibi
1107 1710 1274 1751 reditum
1311 1707 1406 1746 duce
1435 1705 1637 1758 Pompeio,

888 1782 1002 1821 quam
1028 1770 1166 1821 quouis
1189 1766 1281 1814 alio,
1296 1778 1369 1819 pro
1395 1761 1539 1802 summa
1551 1762 1634 1799 eius

886 1824 989 1879 apud
1001 1839 1133 1865 omnes
1156 1833 1286 1874 gentes
1307 1821 1559 1865 auetoritate,
1575 1831 1635 1856 re-

883 1896 1047 1935 rumque
1090 1884 1274 1933 gestarum
1307 1878 1451 1930 gloria,
1480 1875 1633 1930 sperare

884 1948 1049 1994 poterat.

940 2009 1217 2063 Proficifi·atur
1242 2004 1296 2046 ad
1326 2004 1390 2057 te]
1441 2006 1511 2043 Per
1539 2000 1627 2042 suos

885 2067 1107 2115 creditores,
1129 2079 1165 2106 et
1183 2079 1251 2119 per
1270 2075 1528 2115 e08,quorum
1558 2060 1627 2099 fibi

883 2124 1124 2164 voluntatem
1176 2122 1381 2172 largitione
1429 2118 1625 2163 adiunxit,

880 2192 987 2231 agat,
1008 2194 1242 2235 operamque
1260 2178 1346 2226 det,
1364 2186 1409 2217 vt
1425 2176 1491 2216 abs
1510 2186 1547 2214 te
1567 2187 1625 2214 re·

880 2239 1049 2278 ducatur.

936 2309 1051 2364 Nosti
1065 2309 1226 2349 hominis
1244 2306 1486 2352 tarditatem,
1507 2312 1545 2342 et
1563 2309 1621 2340 ta-

873 2364 1168 2417 citurnitatem]
1197 2361 1485 2403 ‘simulationem
1512 2361 1621 2397 Pom·

873 2424 964 2476 peii,
984 2434 1021 2462 et
1042 2419 1353 2462 consuetudinem
1371 2421 1412 2458 in
1432 2414 1622 2457 occultan-

875 2479 920 2518 da
950 2473 1149 2519 voluntate
1165 2509 1176 2525 ‚
1223 2477 1389 2517 modeste
1430 2473 1617 2513 describit.

874 2551 952 2575 non
979 2540 1080 2575 enim
1102 2536 1227 2575 videri
1246 2534 1330 2574 vult
1360 2535 1440 2571 eius
1471 2529 1618 2580 ingeni·

873 2608 937 2633 um
960 2603 997 2632 et
1016 2607 1142 2632 mores
1165 2599 1331 2645 carpere,
1342 2604 1455 2643 quem
1471 2589 1617 2640 optime

850 2663 852 2666 ’
872 2650 917 2689 dc
936 2649 972 2689 se
993 2652 1173 2689 meritum
1194 2662 1333 2698 negare
1353 2661 1432 2685 non
1453 2653 1615 2698 poterat.

868 2719 1064 2761 praeterea
1087 2706 1260 2756 fungitur
1272 2704 1400 2744 officio
1419 2703 1514 2742 boni
1529 2702 1619 2745 viri,

870 2779 956 2804 cum
976 2767 1076 2804 inter
1096 2763 1332 2805 amicissimos
1354 2760 1453 2809 suos,
1477 2761 1620 2798 Lentu-

928 2824 960 2860 D
998 2834 1020 2874 3
1522 2813 1615 2858 lum,
