1863 3172
216 75 295 130 176

210 183 426 243 spe&acrilo
448 181 638 230 Coelium,
668 180 870 234 pantheras
889 194 954 235 pe·

208 256 368 291 tentem,
387 255 466 281 non
496 240 542 278 de
573 236 863 287 Megalensibus,
896 240 954 277 vi.

197 303 284 344 deo
312 296 509 340 laboraffe.
591 295 721 334 Ludos
751 293 951 344 Megalefia

190 373 277 416 per
298 357 359 397 sex
385 355 479 402 dies,
507 366 528 391 a
550 352 674 406 pridie
703 353 808 391 Non.
829 350 950 404 April.

205 418 254 459 ad
273 432 310 456 v.
330 413 386 456 Id,
412 409 535 458 fuisse,
563 408 647 448 fasti
677 407 828 448 dierum
853 411 950 448 anti-

206 468 274 529 qui
311 468 580 510 demonstrant.
617 479 718 512 nam,
749 466 811 504 etsi
840 465 949 505 deam

203 529 390 588 perlatam
412 523 484 564 effe
504 522 628 577 pridie
649 521 702 560 Id.
716 525 806 575 Apr.
825 523 868 561 in
888 536 948 561 ae·

204 590 293 628 dem
321 582 515 625 Victoriae
551 578 753 625 Palatinae,
781 592 946 631 eumque

204 647 307 686 diem
334 640 468 680 festum
497 635 620 682 suifl'e,
649 649 734 673 cum
767 632 945 674 leffister-

202 704 285 747 nio,
306 709 343 737 et
362 695 475 741 ludis,
497 695 564 747 qui
595 690 792 740 Megalesia
821 692 948 730 vocati

201 759 303 803 sunt,
331 754 464 795 Liuius
497 750 563 789 lib.
585 761 652 801 29.
679 763 708 787 c.
734 758 798 800 14.
825 747 946 787 dicat:

200 816 330 871 postea
352 822 478 850 tamen
506 820 571 847 eos
600 804 712 843 ludos
748 806 788 842 in
819 804 945 857 pridie

198 876 306 915 Non.
333 868 494 907 reiefikos
516 862 599 909 effe,
620 860 859 908 crediderim,
889 875 946 900 ac·

200 929 357 971 cedente
378 920 597 978 praesertim
630 919 821 971 Spartiani
847 920 945 957 testi-

197 986 334 1028 monio
363 984 404 1020 in
431 974 622 1017 Caracalla
652 976 732 1017 αθ.
771 977 944 1027 quicum

197 1045 303 1085 VIII.
334 1038 389 1079 Id.
420 1039 513 1089 Apr.
551 1033 636 1086 ipsis
667 1030 942 1080 Megalensibus

195 1103 470 1149 interemptum
489 1087 718 1130 Caracallam
739 1099 879 1137 narret,
893 1088 944 1127 sa.

197 1160 245 1199 tis
281 1154 436 1199 indicat,
471 1145 742 1197 Megalenlium
774 1147 943 1198 primum

195 1215 298 1254 diem
337 1207 461 1264 pridie
491 1205 548 1244 Id.
583 1208 674 1256 Apr.
711 1216 791 1241 non
819 1201 942 1243 fuisse.

193 1273 263 1311 nisi
291 1270 317 1308 fi
344 1268 429 1319 quis
469 1260 693 1302 mendosum
733 1258 806 1298 effe
840 1261 942 1299 Liuii

192 1330 380 1372 locum,et
401 1335 472 1376 pro
487 1320 615 1372 pridie
650 1319 702 1356 Id.
724 1315 939 1365 legendum,

187 1384 319 1440 pridie
356 1380 456 1420 Non.
480 1378 708 1415 arbitretur:
750 1388 812 1421 ne,
842 1373 939 1412 diffi-

192 1441 371 1481 dentibus
393 1427 585 1489 antiquis,'
605 1432 792 1485 opinione
819 1430 936 1470 dubia

981 688 1211 744 'sequimur,
1241 696 1472 733 omittemus.

424 71 650 112 PAVLLI
692 68 979 110 MANVTII
1018 68 1534 121 COMMENTARIVS
1562 77 1570 86 ‘

1011 181 1249 222 flue‘tuemus.
1333 187 1443 226 Diem
1498 183 1697 234 Megalesia
1732 200 1755 226 a

1009 239 1178 285 Graecis,
1199 250 1240 277 vt
1259 243 1394 281 autstor
1414 245 1467 282 est
1484 248 1608 282 varro
1628 242 1694 282 lib.
1717 254 1755 295 5.

1013 294 1059 333 de
1082 297 1124 333 L.
1145 297 1187 338 L.
1210 297 1315 347 quod
1347 312 1391 338 ex
1426 299 1534 339 libris
1561 299 1754 345 Sibyllinis

1006 352 1176 390 accerfita
1207 353 1255 392 ab
1292 354 1426 398 Attalo*
1458 370 1547 405 rege
1579 359 1753 406 Pergami

1006 422 1129 461 prope
1147 423 1301 448 murum
1318 411 1561 461 Megalefion,
1572 415 1638 453 vbi
1659 425 1751 453 tem-

1005 464 1112 518 plum
1137 467 1218 504 eius
1240 465 1351 510 deae:
1381 469 1483 509 vnde
1502 470 1659 509 adueeffl
1676 468 1752 509 Ro-

1005 536 1117 560 mam.
1175 525 1265 570 Qlo
1286 534 1472 576 tempore,
1500 536 1538 565 et
1557 539 1671 578 quam
1690 527 1749 566 'ob

1004 578 1165 617 caussam
1186 581 1255 618 sint
1276 582 1462 628 accersita,
1486 581 1549 621 vel
1574 586 1663 635 quia
1686 597 1751 637 pa-

1003 644 1057 674 tet
1077 649 1120 674 ex
1141 637 1268 684 Liuio,
1297 635 1356 676 vel
1386 637 1490 690 quod
1520 639 1751 680 breuitatem

1529 699 1654 734 Vnum
1685 696 1749 736 ad-

1003 747 1170 786 dendum
1191 749 1363 789 videtur:
1394 750 1473 790 labi
1493 754 1748 805 turpitereos‚

1002 807 1069 857 qui
1090 803 1200 843 ludos
1232 806 1462 856 Megalenses
1490 817 1527 847 et
1552 811 1746 848 Romanos

1002 861 1155 900 eosdem
1178 861 1251 900 effe
1269 864 1532 904 crediderunt:
1563 880 1648 904 cum
1671 868 1747 905 Ro—

1000 919 1104 956 mani
1127 932 1149 956 a
1176 932 1266 968 rege
1287 921 1423 970 Prisco,
1444 921 1675 971 Megalenses
1702 925 1745 962 in

1001 974 1195 1028 republica
1214 978 1297 1028 post
1324 977 1466 1018 multos
1498 993 1618 1017 annos
1642 981 1745 1018 insti·
1810 1009 1822 1023 f

1000 1034 1074 1071 tuti
1094 1033 1183 1072 fint:
1212 1043 1249 1072 et
1261 1035 1421 1074 Romani
1441 1035 1567 1074 mense
1579 1039 1744 1089 Septem-

998 1089 1075 1135 bri,
1104 1087 1334 1139 Megalenses
1376 1091 1498 1145 Aprili
1536 1092 1742 1132 darentur:

999 1147 1163 1193 Romani
1184 1149 1225 1185 in
1251 1147 1438 1188 honorem
1470 1151 1588 1196 Iouis,
1624 1152 1742 1189 Iuno·

998 1204 1071 1250 nis,
1089 1206 1312 1250 Mineruae;
1351 1205 1582 1255 Megalenses
1603 1208 1739 1246 Matris

997 1273 1154 1309 magnae
1187 1263 1330 1301 Deum:
1369 1265 1532 1302 Romani
1554 1265 1741 1316 *primum

997 1316 1204 1365 Circenses,
1225 1317 1363 1359 deinde
1384 1322 1495 1360 etiam
1508 1319 1739 1359 Scenicifue-

995 1375 1087 1422 rint,
1113 1374 1350 1424 Megalenses
1382 1388 1528 1417 tantum
1555 1378 1711 1419 Scenici.

634 1544 1130 1584 EPISTOLAE
1185 1545 1286 1583 XII.

597 1633 1340 1681 ARGVMENTVM.

298 1724 598 1769 Sollicitudinem
609 1721 727 1772 fitam
740 1718 976 1772 demonstrat
1001 1716 1045 1757 ob
1062 1731 1125 1758 res
1150 1716 1335 1758 urbanas.

1395 1718 1573 1759 Litteras
1601 1735 1626 1759 a
1649 1720 1733 1761 Coe·

183 1790 238 1831 'lio
255 1787 356 1841 petit
374 1783 422 1823 de
439 1782 541 1820 omni
558 1777 663 1832 statu
685 1767 930 1827 reipublicae.
959 1761 1144 1821 addit-e
1177 1774 1362 1831 Diogenis
1391 1786 1430 1814 et
1457 1775 1629 1816 Philonis
1668 1778 1733 1816 iti-

182 1860 286 1886 nere.
313 1843 509 1884 hortatur,
520 1827 565 1875 n}
579 1834 839 1887 prouinciales
859 1832 1013 1872 honores
1034 1833 1195 1871 vrbanis
1209 1831 1498 1886 magistratibus
1512 1832 1737 1884 praeferat..

168 1905 291 1957 suam
318 1896 469 1940 indicat
489 1894 543 1933 ad
557 1890 685 1931 vrbem
707 1889 894 1930 redeundi
918 1888 1183 1942 cupiditatem.
1240 1887 1382 1928 Eodem
1403 1900 1515 1928 anno.

658 1989 1255 2031 EXPLANATIO.

183 2075 424 2158 Conciones]
489 2071 766 2110 Tribunorum
802 2064 923 2121 plebis

981 2068 1109 2106 omnia
1125 2067 1254 2119 potius
1285 2065 1408 2105 adum
1428 2065 1504 2113 iri,
1534 2077 1648 2119 quam
1677 2062 1728 2104 de

263 2135 501 2182 maximeque
521 2127 716 2172 Curionis,
737 2127 803 2178 qui
819 2122 924 2163 vale·
975 2125 1200 2177 prouinciis.
1229 2125 1366 2168 Varro,
1386 2124 1522 2168 contio,
1537 2135 1726 2166 nome-on-

179 2191 246 2231 bat
267 2194 306 2230 in
328 2190 462 2243 primis
485 2184 716 2237 eloquentia,
737 2192 773 2220 et
783 2180 922 2236 'Caesa-

180 2251 234 2288 ris
257 2246 414 2286 causs'am
435 2245 616 2282 acerrime
630 2241 817 2279 tuebatur.
840 2240 920 2277 eius

180 2308 284 2345 enim
314 2296 514 2342 conciones
556 2309 687 2337 contra
722 2294 921 2335 consulum

176 2364 347 2402 afflones
368 2353 697 2411 depr011inciis‚id
718 2355 768 2391 est
789 2352 834 2391 de
846 2352 921 2391 suc-

176 2419 338 2457 ceffione
360 2416 579 2458 Galliarum,
601 2414 684 2464 quis
706 2410 856 2449 dubitet
879 2410 919 2447 fi·

177 2476 349 2525 gnificari
376 2472 440 2511 lib.
455 2475 492 2513 6.
514 2469 561 2508 ad
583 2471 692 2508 Attic.
713 2468 851 2520 epist.2
877 2468 919 2504 in

177 2547 226 2572 eo
245 2531 360 2570 loco?
389 2530 540 2584 Magna
561 2529 600 2565 in
618 2525 795 2576 spesztm,
824 2523 921 2562 mihi

176 2590 279 2629 nihil
288 2588 472 2636 temporis
486 2594 735 2637 prorogatum
755 2582 818 2619 iri.
839 2581 920 2618 Ha-

175 2643 309 2685 bebam
331 2641 418 2683 aHa
443 2640 587 2679 vrbnna
618 2652 731 2689 vsque
758 2636 813 2676 ad
838 2637 917 2675 No-

175 2716 249 2741 nas
272 2701 475 2747 Martias,-
503 2710 551 2736 ex
575 2695 711 2750 quibus
729 2694 917 2749 intellige-

175 2757 287 2808 hcm,
336 2758 510 2798 Curionis
547 2752 668 2808 nostri
706 2750 917 2804 constantia

980 2182 1049 2226 cio,
1066 2178 1305 2219 scribendum
1324 2180 1513 2228 fignificat,
1542 2178 1643 2230 quasi
1666 2191 1725 2216 co-

979 2237 1090 2277 aflio.
1145 2237 1270 2275 Festus
1293 2239 1432 2283 comio,
1462 2236 1576 2290 quqsi
1592 2248 1726 2274 conuo-

979 2296 1094 2341 catio,
1117 2309 1141 2331 a
1162 2291 1304 2332 ciendo.
1335 2303 1509 2332 veterum
1530 2290 1724 2329 librorum

977 2349 1161 2403 scriptura
1181 2351 1364 2389 Varronis
1387 2351 1611 2402 opinionem
1633 2361 1721 2400 pro-

977 2407 1053 2446 bat.
1142 2407 1336 2448 Mediceus
1373 2419 1530 2459 quoque
1562 2404 1721 2457 semper,

976 2475 1110 2504 contzo.

1028 2516 1317 2576 Qyinqzmtrus]
1373 2519 1526 2556 Dic'tum
1564 2514 1721 2556 fortasse

974 2577 1200 2616 nominandi
1220 2578 1374 2629 potum,
1408 2587 1543 2627 quam,
1583 2582 1624 2612 vt
1651 2571 1717 2610 alii

973 2646 1167 2688 putarunt,
1196 2632 1402 2682 generandi
1424 2630 1519 2669 casu.
1563 2627 1718 2667 mallem

975 2704 1114 2739 tamen,
1136 2687 1476 2746 ‚jSnqnatribuw
1509 2697 1551 2726 vt
1577 2684 1717 2724 intelli·

972 2761 1084 2800 gatur
1104 2749 1197 2796 dies,
1209 2761 1286 2801 quo
1308 2747 1426 2797 gestae
1445 2743 1530 2784 sunt
1549 2756 1622 2791 res,
1635 2756 1715 2780 non

1633 2812 1714 2852 quo
