<?xml version="1.0" encoding="UTF-8"?>
<!DOCTYPE html PUBLIC "-//W3C//DTD XHTML 1.0 Transitional//EN"
    "http://www.w3.org/TR/xhtml1/DTD/xhtml1-transitional.dtd">
<html xmlns="http://www.w3.org/1999/xhtml" xml:lang="en" lang="en">
 <head>
  <title>
</title>
<meta http-equiv="Content-Type" content="text/html;charset=utf-8" />
  <meta name='ocr-system' content='tesseract 3.04.00' />
  <meta name='ocr-capabilities' content='ocr_page ocr_carea ocr_par ocr_line ocrx_word'/>
</head>
<body>
  <div class='ocr_page' id='page_1' title='image "./commentariusinmt01manuuoft_0381.png"; bbox 0 0 1863 3172; ppageno 0'>
   <div class='ocr_carea' id='block_1_1' title="bbox 342 91 1484 136">
    <p class='ocr_par' dir='ltr' id='par_1_1' title="bbox 342 91 1484 136">
     <span class='ocr_line' id='line_1_1' title="bbox 342 91 1484 136; baseline 0.002 -4"><span class='ocrx_word' id='word_1_1' title='bbox 342 93 410 132; x_wconf 80' lang='lat' dir='ltr'>IN</span> <span class='ocrx_word' id='word_1_2' title='bbox 437 91 552 131; x_wconf 89' lang='lat' dir='ltr'>CIC.</span> <span class='ocrx_word' id='word_1_3' title='bbox 577 91 770 131; x_wconf 86' lang='lat' dir='ltr'><strong>EPIST.</strong></span> <span class='ocrx_word' id='word_1_4' title='bbox 799 92 937 135; x_wconf 81' lang='lat' dir='ltr'><strong>FAM.</strong></span> <span class='ocrx_word' id='word_1_5' title='bbox 969 95 1082 136; x_wconf 82' lang='lat' dir='ltr'><strong>LIB.</strong></span> <span class='ocrx_word' id='word_1_6' title='bbox 1114 97 1159 134; x_wconf 90' lang='lat' dir='ltr'>V.</span> <span class='ocrx_word' id='word_1_7' title='bbox 1190 93 1378 133; x_wconf 83' lang='lat' dir='ltr'><strong>EPIST.</strong></span> <span class='ocrx_word' id='word_1_8' title='bbox 1403 95 1484 134; x_wconf 88' lang='lat' dir='ltr'>XX.</span> 
     </span>
    </p>
   </div>
   <div class='ocr_carea' id='block_1_2' title="bbox 1581 83 1677 149">
    <p class='ocr_par' dir='ltr' id='par_1_2' title="bbox 1581 83 1677 149">
     <span class='ocr_line' id='line_1_2' title="bbox 1581 83 1677 149; baseline 0.042 -4"><span class='ocrx_word' id='word_1_9' title='bbox 1581 83 1677 149; x_wconf 67' lang='lat'>&#39;359</span> 
     </span>
    </p>
   </div>
   <div class='ocr_carea' id='block_1_3' title="bbox 119 205 1669 261">
    <p class='ocr_par' dir='ltr' id='par_1_3' title="bbox 119 205 1669 261">
     <span class='ocr_line' id='line_1_3' title="bbox 119 205 1669 261; baseline 0 -15"><span class='ocrx_word' id='word_1_10' title='bbox 119 206 222 247; x_wconf 85' lang='lat' dir='ltr'>idem</span> <span class='ocrx_word' id='word_1_11' title='bbox 252 219 330 246; x_wconf 90' lang='lat' dir='ltr'>non</span> <span class='ocrx_word' id='word_1_12' title='bbox 372 205 602 258; x_wconf 87' lang='lat' dir='ltr'>probemus,</span> <span class='ocrx_word' id='word_1_13' title='bbox 640 216 676 246; x_wconf 87' lang='lat' dir='ltr'>et</span> <span class='ocrx_word' id='word_1_14' title='bbox 708 206 747 244; x_wconf 87' lang='lat' dir='ltr'>in</span> <span class='ocrx_word' id='word_1_15' title='bbox 785 220 864 260; x_wconf 85' lang='lat' dir='ltr'>quo</span> <span class='ocrx_word' id='word_1_16' title='bbox 924 209 1011 249; x_wconf 88' lang='lat' dir='ltr'>dem</span> <span class='ocrx_word' id='word_1_17' title='bbox 1057 206 1160 248; x_wconf 78' lang='lat' dir='ltr'>libro</span> <span class='ocrx_word' id='word_1_18' title='bbox 1199 208 1303 261; x_wconf 86' lang='lat' dir='ltr'>epist.</span> <span class='ocrx_word' id='word_1_19' title='bbox 1327 217 1387 260; x_wconf 83' lang='lat'>15.</span> <span class='ocrx_word' id='word_1_20' title='bbox 1433 208 1542 253; x_wconf 77' lang='lat' dir='ltr'>Nam</span> <span class='ocrx_word' id='word_1_21' title='bbox 1564 206 1669 260; x_wconf 85' lang='lat' dir='ltr'>qnod</span> 
     </span>
    </p>
   </div>
   <div class='ocr_carea' id='block_1_4' title="bbox 119 261 863 319">
    <p class='ocr_par' dir='ltr' id='par_1_4' title="bbox 119 261 863 319">
     <span class='ocr_line' id='line_1_4' title="bbox 119 261 863 319; baseline -0.003 -15"><span class='ocrx_word' id='word_1_22' title='bbox 119 265 319 319; x_wconf 86' lang='lat' dir='ltr'>praecipua</span> <span class='ocrx_word' id='word_1_23' title='bbox 340 261 524 314; x_wconf 83' lang='lat' dir='ltr'>quaedam</span> <span class='ocrx_word' id='word_1_24' title='bbox 555 264 707 302; x_wconf 86' lang='lat' dir='ltr'>virtutis</span> <span class='ocrx_word' id='word_1_25' title='bbox 737 273 775 302; x_wconf 88' lang='lat' dir='ltr'>et</span> <span class='ocrx_word' id='word_1_26' title='bbox 805 266 863 302; x_wconf 87' lang='lat' dir='ltr'>in-</span> 
     </span>
    </p>
   </div>
   <div class='ocr_carea' id='block_1_5' title="bbox 117 319 751 370">
    <p class='ocr_par' dir='ltr' id='par_1_5' title="bbox 117 319 751 370">
     <span class='ocr_line' id='line_1_5' title="bbox 117 319 751 370; baseline -0.002 -8"><span class='ocrx_word' id='word_1_27' title='bbox 117 324 222 370; x_wconf 79' lang='lat' dir='ltr'>genii</span> <span class='ocrx_word' id='word_1_28' title='bbox 240 321 458 370; x_wconf 64' lang='lat' dir='ltr'>significatio</span> <span class='ocrx_word' id='word_1_29' title='bbox 488 334 567 358; x_wconf 87' lang='lat' dir='ltr'>non</span> <span class='ocrx_word' id='word_1_30' title='bbox 596 319 751 361; x_wconf 82' lang='lat' dir='ltr'>eluceat.</span> 
     </span>
    </p>
   </div>
   <div class='ocr_carea' id='block_1_6' title="bbox 93 389 858 1472">
    <p class='ocr_par' dir='ltr' id='par_1_6' title="bbox 93 389 858 1472">
     <span class='ocr_line' id='line_1_6' title="bbox 177 389 858 444; baseline -0.003 -13"><span class='ocrx_word' id='word_1_31' title='bbox 177 392 268 431; x_wconf 78' lang='lat' dir='ltr'>Cam</span> <span class='ocrx_word' id='word_1_32' title='bbox 282 391 431 444; x_wconf 79' lang='lat' dir='ltr'>populls</span> <span class='ocrx_word' id='word_1_33' title='bbox 454 390 564 439; x_wconf 71' lang='lat' dir='ltr'>filum</span> <span class='ocrx_word' id='word_1_34' title='bbox 574 389 774 443; x_wconf 57' lang='lat' dir='ltr'>sbruaket]</span> <span class='ocrx_word' id='word_1_35' title='bbox 803 392 858 430; x_wconf 86' lang='lat' dir='ltr'>Ita</span> 
     </span>
     <span class='ocr_line' id='line_1_7' title="bbox 115 446 857 488; baseline -0.001 -1"><span class='ocrx_word' id='word_1_36' title='bbox 115 447 281 488; x_wconf 85' lang='lat' dir='ltr'>fortunis</span> <span class='ocrx_word' id='word_1_37' title='bbox 311 446 506 486; x_wconf 89' lang='lat' dir='ltr'>consulere</span> <span class='ocrx_word' id='word_1_38' title='bbox 542 458 601 486; x_wconf 87' lang='lat' dir='ltr'>tot</span> <span class='ocrx_word' id='word_1_39' title='bbox 629 447 691 487; x_wconf 83' lang='lat' dir='ltr'>vel</span> <span class='ocrx_word' id='word_1_40' title='bbox 719 449 857 486; x_wconf 85' lang='lat' dir='ltr'>amico-</span> 
     </span>
     <span class='ocr_line' id='line_1_8' title="bbox 111 504 853 559; baseline -0.001 -16"><span class='ocrx_word' id='word_1_41' title='bbox 111 518 197 543; x_wconf 85' lang='lat' dir='ltr'>rum</span> <span class='ocrx_word' id='word_1_42' title='bbox 217 504 277 544; x_wconf 90' lang='lat' dir='ltr'>vel</span> <span class='ocrx_word' id='word_1_43' title='bbox 300 506 454 551; x_wconf 79' lang='lat' dir='ltr'>ciuium,</span> <span class='ocrx_word' id='word_1_44' title='bbox 485 515 526 544; x_wconf 90' lang='lat' dir='ltr'>vt</span> <span class='ocrx_word' id='word_1_45' title='bbox 548 504 695 559; x_wconf 87' lang='lat' dir='ltr'>populo</span> <span class='ocrx_word' id='word_1_46' title='bbox 725 512 853 543; x_wconf 83' lang='lat' dir='ltr'>tamen</span> 
     </span>
     <span class='ocr_line' id='line_1_9' title="bbox 110 560 850 615; baseline 0.003 -16"><span class='ocrx_word' id='word_1_47' title='bbox 110 560 208 600; x_wconf 82' lang='lat' dir='ltr'>nihil</span> <span class='ocrx_word' id='word_1_48' title='bbox 227 561 417 600; x_wconf 85' lang='lat' dir='ltr'>adimeret.</span> <span class='ocrx_word' id='word_1_49' title='bbox 474 565 640 615; x_wconf 81' lang='lat' dir='ltr'>Apparet</span> <span class='ocrx_word' id='word_1_50' title='bbox 655 562 850 611; x_wconf 86' lang='lat' dir='ltr'>ingenium</span> 
     </span>
     <span class='ocr_line' id='line_1_10' title="bbox 109 620 849 671; baseline 0.001 -14"><span class='ocrx_word' id='word_1_51' title='bbox 109 621 331 665; x_wconf 79' lang='lat' dir='ltr'>Ciceronis,</span> <span class='ocrx_word' id='word_1_52' title='bbox 362 620 427 671; x_wconf 89' lang='lat' dir='ltr'>qui</span> <span class='ocrx_word' id='word_1_53' title='bbox 462 621 650 658; x_wconf 86' lang='lat' dir='ltr'>rationem</span> <span class='ocrx_word' id='word_1_54' title='bbox 678 620 849 665; x_wconf 88' lang='lat' dir='ltr'>iniuerit,</span> 
     </span>
     <span class='ocr_line' id='line_1_11' title="bbox 109 674 850 728; baseline 0 -14"><span class='ocrx_word' id='word_1_55' title='bbox 109 689 184 728; x_wconf 83' lang='lat' dir='ltr'>qua</span> <span class='ocrx_word' id='word_1_56' title='bbox 216 691 298 715; x_wconf 83' lang='lat' dir='ltr'>cum</span> <span class='ocrx_word' id='word_1_57' title='bbox 338 674 563 714; x_wconf 62' lang='lat' dir='ltr'>finisfuceret</span> <span class='ocrx_word' id='word_1_58' title='bbox 600 676 850 722; x_wconf 84' lang='lat' dir='ltr'>humanitati,</span> 
     </span>
     <span class='ocr_line' id='line_1_12' title="bbox 109 732 845 787; baseline 0 -16"><span class='ocrx_word' id='word_1_59' title='bbox 109 732 332 787; x_wconf 78' lang='lat' dir='ltr'>depellenda</span> <span class='ocrx_word' id='word_1_60' title='bbox 360 735 486 771; x_wconf 82' lang='lat' dir='ltr'>amicis</span> <span class='ocrx_word' id='word_1_61' title='bbox 520 743 556 771; x_wconf 86' lang='lat' dir='ltr'>et</span> <span class='ocrx_word' id='word_1_62' title='bbox 584 733 732 772; x_wconf 88' lang='lat' dir='ltr'>ciuibus</span> <span class='ocrx_word' id='word_1_63' title='bbox 770 742 845 774; x_wconf 85' lang='lat' dir='ltr'>tam</span> 
     </span>
     <span class='ocr_line' id='line_1_13' title="bbox 104 789 846 842; baseline 0.001 -14"><span class='ocrx_word' id='word_1_64' title='bbox 104 793 214 842; x_wconf 83' lang='lat' dir='ltr'>graui</span> <span class='ocrx_word' id='word_1_65' title='bbox 233 789 363 836; x_wconf 88' lang='lat' dir='ltr'>multa,</span> <span class='ocrx_word' id='word_1_66' title='bbox 381 790 522 828; x_wconf 84' lang='lat' dir='ltr'>honori</span> <span class='ocrx_word' id='word_1_67' title='bbox 545 801 670 829; x_wconf 86' lang='lat' dir='ltr'>tamen</span> <span class='ocrx_word' id='word_1_68' title='bbox 690 789 770 837; x_wconf 82' lang='lat' dir='ltr'>sue,</span> <span class='ocrx_word' id='word_1_69' title='bbox 804 803 846 829; x_wconf 88' lang='lat' dir='ltr'>re</span> 
     </span>
     <span class='ocr_line' id='line_1_14' title="bbox 105 844 844 902; baseline -0.001 -15"><span class='ocrx_word' id='word_1_70' title='bbox 105 847 253 902; x_wconf 85' lang='lat' dir='ltr'>populo</span> <span class='ocrx_word' id='word_1_71' title='bbox 300 845 530 894; x_wconf 84' lang='lat' dir='ltr'>conseruata,</span> <span class='ocrx_word' id='word_1_72' title='bbox 575 861 655 886; x_wconf 85' lang='lat' dir='ltr'>non</span> <span class='ocrx_word' id='word_1_73' title='bbox 695 844 844 887; x_wconf 70' lang='lat' dir='ltr'>deesset.</span> 
     </span>
     <span class='ocr_line' id='line_1_15' title="bbox 98 901 846 958; baseline 0 -14"><span class='ocrx_word' id='word_1_74' title='bbox 98 907 233 958; x_wconf 79' lang='lat' dir='ltr'>populi</span> <span class='ocrx_word' id='word_1_75' title='bbox 275 916 398 943; x_wconf 86' lang='lat' dir='ltr'>autem</span> <span class='ocrx_word' id='word_1_76' title='bbox 440 901 505 957; x_wconf 58' lang='lat' dir='ltr'>effi&gt;</span> <span class='ocrx_word' id='word_1_77' title='bbox 554 902 771 951; x_wconf 85' lang='lat' dir='ltr'>dicebatur,</span> <span class='ocrx_word' id='word_1_78' title='bbox 809 914 846 948; x_wconf 85' lang='lat' dir='ltr'>et</span> 
     </span>
     <span class='ocr_line' id='line_1_16' title="bbox 103 963 845 1015; baseline 0 -14"><span class='ocrx_word' id='word_1_79' title='bbox 103 974 197 1010; x_wconf 87' lang='lat' dir='ltr'>erat,</span> <span class='ocrx_word' id='word_1_80' title='bbox 217 964 318 1015; x_wconf 86' lang='lat' dir='ltr'>quod</span> <span class='ocrx_word' id='word_1_81' title='bbox 333 963 372 999; x_wconf 84' lang='lat' dir='ltr'>in</span> <span class='ocrx_word' id='word_1_82' title='bbox 391 963 647 1008; x_wconf 80' lang='lat' dir='ltr'>aera1·ium‚ex</span> <span class='ocrx_word' id='word_1_83' title='bbox 668 975 845 1015; x_wconf 87' lang='lat' dir='ltr'>quaeum-</span> 
     </span>
     <span class='ocr_line' id='line_1_17' title="bbox 102 1017 846 1071; baseline -0.001 -12"><span class='ocrx_word' id='word_1_84' title='bbox 102 1033 178 1071; x_wconf 87' lang='lat' dir='ltr'>que</span> <span class='ocrx_word' id='word_1_85' title='bbox 197 1034 237 1058; x_wconf 90' lang='lat' dir='ltr'>re</span> <span class='ocrx_word' id='word_1_86' title='bbox 255 1017 468 1066; x_wconf 54' lang='lat' dir='ltr'>mucetum,</span> <span class='ocrx_word' id='word_1_87' title='bbox 499 1018 746 1061; x_wconf 81' lang='lat' dir='ltr'>inferebatur.</span> <span class='ocrx_word' id='word_1_88' title='bbox 775 1033 846 1058; x_wconf 87' lang='lat' dir='ltr'>vn-</span> 
     </span>
     <span class='ocr_line' id='line_1_18' title="bbox 102 1075 842 1128; baseline -0.001 -13"><span class='ocrx_word' id='word_1_89' title='bbox 102 1075 163 1125; x_wconf 87' lang='lat' dir='ltr'>de,</span> <span class='ocrx_word' id='word_1_90' title='bbox 182 1091 318 1116; x_wconf 82' lang='lat' dir='ltr'>canere</span> <span class='ocrx_word' id='word_1_91' title='bbox 333 1075 610 1128; x_wconf 54' lang='lat' dir='ltr'>populoffaiet,</span> <span class='ocrx_word' id='word_1_92' title='bbox 638 1090 772 1116; x_wconf 83' lang='lat' dir='ltr'>cauere</span> <span class='ocrx_word' id='word_1_93' title='bbox 792 1089 842 1115; x_wconf 92' lang='lat' dir='ltr'>ne</span> 
     </span>
     <span class='ocr_line' id='line_1_19' title="bbox 101 1132 840 1188; baseline -0.001 -15"><span class='ocrx_word' id='word_1_94' title='bbox 101 1134 193 1188; x_wconf 82' lang='lat' dir='ltr'>quid</span> <span class='ocrx_word' id='word_1_95' title='bbox 212 1135 400 1174; x_wconf 73' lang='lat' dir='ltr'>aerarium</span> <span class='ocrx_word' id='word_1_96' title='bbox 423 1132 641 1175; x_wconf 81' lang='lat' dir='ltr'>detrimenti</span> <span class='ocrx_word' id='word_1_97' title='bbox 661 1135 840 1188; x_wconf 84' lang='lat' dir='ltr'>patiatur.</span> 
     </span>
     <span class='ocr_line' id='line_1_20' title="bbox 98 1189 840 1243; baseline -0.005 -11"><span class='ocrx_word' id='word_1_98' title='bbox 98 1194 232 1232; x_wconf 87' lang='lat' dir='ltr'>Liuius</span> <span class='ocrx_word' id='word_1_99' title='bbox 253 1190 366 1243; x_wconf 46' lang='lat' dir='ltr'>magr.</span> <span class='ocrx_word' id='word_1_100' title='bbox 387 1205 413 1229; x_wconf 89' lang='lat' dir='ltr'>e.</span> <span class='ocrx_word' id='word_1_101' title='bbox 426 1202 492 1234; x_wconf 87' lang='lat'>21.</span> <span class='ocrx_word' id='word_1_102' title='bbox 526 1189 661 1230; x_wconf 79' lang='lat' dir='ltr'>Tarda</span> <span class='ocrx_word' id='word_1_103' title='bbox 671 1193 840 1239; x_wconf 79' lang='lat' dir='ltr'>nomina,</span> 
     </span>
     <span class='ocr_line' id='line_1_21' title="bbox 100 1245 837 1302; baseline -0.005 -12"><span class='ocrx_word' id='word_1_104' title='bbox 100 1261 139 1290; x_wconf 85' lang='lat' dir='ltr'>et</span> <span class='ocrx_word' id='word_1_105' title='bbox 166 1247 409 1302; x_wconf 75' lang='lat' dir='ltr'>impedittom</span> <span class='ocrx_word' id='word_1_106' title='bbox 437 1250 581 1288; x_wconf 76' lang='lat' dir='ltr'>inertia</span> <span class='ocrx_word' id='word_1_107' title='bbox 610 1245 837 1295; x_wconf 76' lang='lat' dir='ltr'>debitorum,</span> 
     </span>
     <span class='ocr_line' id='line_1_22' title="bbox 97 1305 838 1363; baseline 0 -18"><span class='ocrx_word' id='word_1_108' title='bbox 97 1320 213 1363; x_wconf 77' lang='lat' dir='ltr'>quam</span> <span class='ocrx_word' id='word_1_109' title='bbox 225 1305 499 1357; x_wconf 64' lang='lat' dir='ltr'>fin-zu&#39;tasilms,</span> <span class='ocrx_word' id='word_1_110' title='bbox 522 1307 728 1351; x_wconf 78' lang='lat' dir='ltr'>aerarium,</span> <span class='ocrx_word' id='word_1_111' title='bbox 739 1319 838 1345; x_wconf 82' lang='lat' dir='ltr'>men-</span> 
     </span>
     <span class='ocr_line' id='line_1_23' title="bbox 93 1359 838 1416; baseline -0.001 -13"><span class='ocrx_word' id='word_1_112' title='bbox 93 1363 147 1415; x_wconf 56' lang='grc' dir='ltr'>[ιδ’</span> <span class='ocrx_word' id='word_1_113' title='bbox 162 1377 246 1403; x_wconf 85' lang='lat' dir='ltr'>cum</span> <span class='ocrx_word' id='word_1_114' title='bbox 259 1376 347 1400; x_wconf 74' lang='lat' dir='ltr'>acre</span> <span class='ocrx_word' id='word_1_115' title='bbox 373 1363 414 1400; x_wconf 76' lang='lat' dir='ltr'>in</span> <span class='ocrx_word' id='word_1_116' title='bbox 432 1361 526 1412; x_wconf 75' lang='lat' dir='ltr'>foro</span> <span class='ocrx_word' id='word_1_117' title='bbox 549 1360 696 1413; x_wconf 70' lang='lat' dir='ltr'>pqfitis,</span> <span class='ocrx_word' id='word_1_118' title='bbox 718 1359 838 1416; x_wconf 69' lang='lat' dir='ltr'>dffll·</span> 
     </span>
     <span class='ocr_line' id='line_1_24' title="bbox 96 1419 736 1472; baseline -0.008 -10"><span class='ocrx_word' id='word_1_119' title='bbox 96 1422 170 1468; x_wconf 78' lang='lat' dir='ltr'>vit,</span> <span class='ocrx_word' id='word_1_120' title='bbox 189 1430 231 1460; x_wconf 80' lang='lat' dir='ltr'>vt</span> <span class='ocrx_word' id='word_1_121' title='bbox 245 1419 380 1472; x_wconf 73' lang='lat' dir='ltr'>populo</span> <span class='ocrx_word' id='word_1_122' title='bbox 392 1421 504 1472; x_wconf 76' lang='lat' dir='ltr'>prius</span> <span class='ocrx_word' id='word_1_123' title='bbox 519 1429 736 1460; x_wconf 68' lang='lat' dir='ltr'>caueretur.</span> 
     </span>
    </p>
   </div>
   <div class='ocr_carea' id='block_1_7' title="bbox 84 1503 834 2009">
    <p class='ocr_par' dir='ltr' id='par_1_7' title="bbox 84 1503 834 2009">
     <span class='ocr_line' id='line_1_25' title="bbox 150 1503 833 1557; baseline -0.001 -12"><span class='ocrx_word' id='word_1_124' title='bbox 150 1505 223 1545; x_wconf 72' lang='lat' dir='ltr'>Tot</span> <span class='ocrx_word' id='word_1_125' title='bbox 243 1504 309 1544; x_wconf 85' lang='lat' dir='ltr'>vel</span> <span class='ocrx_word' id='word_1_126' title='bbox 326 1506 545 1552; x_wconf 75' lang='lat' dir='ltr'>amicorum,</span> <span class='ocrx_word' id='word_1_127' title='bbox 578 1504 645 1545; x_wconf 80' lang='lat' dir='ltr'>vel</span> <span class='ocrx_word' id='word_1_128' title='bbox 671 1503 833 1557; x_wconf 67' lang='lat' dir='ltr'>ciuium]</span> 
     </span>
     <span class='ocr_line' id='line_1_26' title="bbox 90 1561 834 1615; baseline -0.004 -11"><span class='ocrx_word' id='word_1_129' title='bbox 90 1564 298 1604; x_wconf 81' lang='lat' dir='ltr'>Communi</span> <span class='ocrx_word' id='word_1_130' title='bbox 326 1561 493 1615; x_wconf 79' lang='lat' dir='ltr'>quodam</span> <span class='ocrx_word' id='word_1_131' title='bbox 522 1565 607 1601; x_wconf 81' lang='lat' dir='ltr'>iure</span> <span class='ocrx_word' id='word_1_132' title='bbox 627 1576 711 1600; x_wconf 88' lang='lat' dir='ltr'>cum</span> <span class='ocrx_word' id='word_1_133' title='bbox 744 1563 834 1601; x_wconf 83' lang='lat' dir='ltr'>ciui·</span> 
     </span>
     <span class='ocr_line' id='line_1_27' title="bbox 93 1620 831 1674; baseline -0.004 -13"><span class='ocrx_word' id='word_1_134' title='bbox 93 1623 179 1668; x_wconf 83' lang='lat' dir='ltr'>bus,</span> <span class='ocrx_word' id='word_1_135' title='bbox 201 1622 360 1674; x_wconf 85' lang='lat' dir='ltr'>proprio</span> <span class='ocrx_word' id='word_1_136' title='bbox 382 1633 466 1657; x_wconf 89' lang='lat' dir='ltr'>cum</span> <span class='ocrx_word' id='word_1_137' title='bbox 485 1620 615 1657; x_wconf 86' lang='lat' dir='ltr'>amicis</span> <span class='ocrx_word' id='word_1_138' title='bbox 636 1620 831 1667; x_wconf 76' lang='lat' dir='ltr'>coniungi·</span> 
     </span>
     <span class='ocr_line' id='line_1_28' title="bbox 92 1675 830 1730; baseline -0.003 -13"><span class='ocrx_word' id='word_1_139' title='bbox 92 1692 189 1718; x_wconf 78' lang='lat' dir='ltr'>mur.</span> <span class='ocrx_word' id='word_1_140' title='bbox 220 1679 348 1729; x_wconf 86' lang='lat' dir='ltr'>itaque</span> <span class='ocrx_word' id='word_1_141' title='bbox 367 1678 498 1730; x_wconf 87' lang='lat' dir='ltr'>priore</span> <span class='ocrx_word' id='word_1_142' title='bbox 519 1675 605 1714; x_wconf 90' lang='lat' dir='ltr'>loco</span> <span class='ocrx_word' id='word_1_143' title='bbox 623 1677 747 1723; x_wconf 86' lang='lat' dir='ltr'>amici,</span> <span class='ocrx_word' id='word_1_144' title='bbox 768 1675 830 1715; x_wconf 84' lang='lat' dir='ltr'>de·</span> 
     </span>
     <span class='ocr_line' id='line_1_29' title="bbox 89 1734 830 1776; baseline -0.004 -1"><span class='ocrx_word' id='word_1_145' title='bbox 89 1735 179 1776; x_wconf 83' lang='lat' dir='ltr'>inde</span> <span class='ocrx_word' id='word_1_146' title='bbox 200 1735 298 1772; x_wconf 82' lang='lat' dir='ltr'>ciues</span> <span class='ocrx_word' id='word_1_147' title='bbox 330 1735 589 1772; x_wconf 81' lang='lat' dir='ltr'>nominantur.</span> <span class='ocrx_word' id='word_1_148' title='bbox 626 1734 737 1772; x_wconf 81' lang='lat' dir='ltr'>amici</span> <span class='ocrx_word' id='word_1_149' title='bbox 767 1747 830 1772; x_wconf 85' lang='lat' dir='ltr'>au-</span> 
     </span>
     <span class='ocr_line' id='line_1_30' title="bbox 89 1788 825 1838; baseline -0.007 -6"><span class='ocrx_word' id='word_1_150' title='bbox 89 1804 165 1832; x_wconf 86' lang='lat' dir='ltr'>tem</span> <span class='ocrx_word' id='word_1_151' title='bbox 185 1805 226 1829; x_wconf 85' lang='lat' dir='ltr'>ac</span> <span class='ocrx_word' id='word_1_152' title='bbox 244 1790 437 1829; x_wconf 79' lang='lat' dir='ltr'>necessarii</span> <span class='ocrx_word' id='word_1_153' title='bbox 458 1792 666 1836; x_wconf 85' lang='lat' dir='ltr'>Ciceronis,</span> <span class='ocrx_word' id='word_1_154' title='bbox 683 1788 825 1838; x_wconf 71' lang='lat' dir='ltr'>legatus</span> 
     </span>
     <span class='ocr_line' id='line_1_31' title="bbox 86 1845 826 1903; baseline -0.004 -14"><span class='ocrx_word' id='word_1_155' title='bbox 86 1860 125 1890; x_wconf 85' lang='lat' dir='ltr'>et</span> <span class='ocrx_word' id='word_1_156' title='bbox 146 1846 368 1903; x_wconf 61' lang='lat' dir='ltr'>praefec&#39;tuS,</span> <span class='ocrx_word' id='word_1_157' title='bbox 397 1849 463 1900; x_wconf 88' lang='lat' dir='ltr'>qui</span> <span class='ocrx_word' id='word_1_158' title='bbox 491 1856 615 1886; x_wconf 86' lang='lat' dir='ltr'>tamen</span> <span class='ocrx_word' id='word_1_159' title='bbox 639 1845 755 1886; x_wconf 88' lang='lat' dir='ltr'>iidem</span> <span class='ocrx_word' id='word_1_160' title='bbox 779 1849 826 1886; x_wconf 89' lang='lat' dir='ltr'>ci-</span> 
     </span>
     <span class='ocr_line' id='line_1_32' title="bbox 88 1907 823 1951; baseline -0.007 -4"><span class='ocrx_word' id='word_1_161' title='bbox 88 1921 154 1947; x_wconf 90' lang='lat' dir='ltr'>ves</span> <span class='ocrx_word' id='word_1_162' title='bbox 177 1915 304 1945; x_wconf 77' lang='lat' dir='ltr'>erant:</span> <span class='ocrx_word' id='word_1_163' title='bbox 339 1907 440 1943; x_wconf 88' lang='lat' dir='ltr'>ciues</span> <span class='ocrx_word' id='word_1_164' title='bbox 458 1918 551 1943; x_wconf 87' lang='lat' dir='ltr'>vero</span> <span class='ocrx_word' id='word_1_165' title='bbox 572 1914 731 1951; x_wconf 84' lang='lat' dir='ltr'>tantum,</span> <span class='ocrx_word' id='word_1_166' title='bbox 745 1917 823 1942; x_wconf 88' lang='lat' dir='ltr'>non</span> 
     </span>
     <span class='ocr_line' id='line_1_33' title="bbox 84 1959 822 2009; baseline -0.005 -6"><span class='ocrx_word' id='word_1_167' title='bbox 84 1966 201 2003; x_wconf 79' lang='lat' dir='ltr'>ctiam</span> <span class='ocrx_word' id='word_1_168' title='bbox 219 1964 343 2009; x_wconf 82' lang='lat' dir='ltr'>amici,</span> <span class='ocrx_word' id='word_1_169' title='bbox 373 1964 427 2001; x_wconf 89' lang='lat' dir='ltr'>T.</span> <span class='ocrx_word' id='word_1_170' title='bbox 450 1964 608 2009; x_wconf 84' lang='lat' dir='ltr'>Marius,</span> <span class='ocrx_word' id='word_1_171' title='bbox 635 1959 822 2009; x_wconf 85' lang='lat' dir='ltr'>Valerius,</span> 
     </span>
    </p>
   </div>
   <div class='ocr_carea' id='block_1_8' title="bbox 83 2020 270 2062">
    <p class='ocr_par' dir='ltr' id='par_1_8' title="bbox 83 2020 270 2062">
     <span class='ocr_line' id='line_1_34' title="bbox 83 2020 270 2062; baseline -0.021 0"><span class='ocrx_word' id='word_1_172' title='bbox 83 2020 270 2062; x_wconf 78' lang='lat' dir='ltr'>Volusius.</span> 
     </span>
    </p>
   </div>
   <div class='ocr_carea' id='block_1_9' title="bbox 26 2090 818 2828">
    <p class='ocr_par' dir='ltr' id='par_1_9' title="bbox 26 2090 818 2828">
     <span class='ocr_line' id='line_1_35' title="bbox 143 2090 818 2146; baseline -0.003 -14"><span class='ocrx_word' id='word_1_173' title='bbox 143 2093 252 2132; x_wconf 87' lang='lat' dir='ltr'>Nam</span> <span class='ocrx_word' id='word_1_174' title='bbox 273 2091 316 2132; x_wconf 83' lang='lat' dir='ltr'>de</span> <span class='ocrx_word' id='word_1_175' title='bbox 334 2092 471 2130; x_wconf 79' lang='lat' dir='ltr'>Lueeio</span> <span class='ocrx_word' id='word_1_176' title='bbox 495 2101 606 2130; x_wconf 82' lang='lat' dir='ltr'>ERN.</span> <span class='ocrx_word' id='word_1_177' title='bbox 636 2104 675 2129; x_wconf 83' lang='lat' dir='ltr'>eo</span> <span class='ocrx_word' id='word_1_178' title='bbox 696 2090 818 2146; x_wconf 79' lang='lat' dir='ltr'>logeo]</span> 
     </span>
     <span class='ocr_line' id='line_1_36' title="bbox 26 2145 817 2201; baseline -0.008 -10"><span class='ocrx_word' id='word_1_179' title='bbox 26 2147 34 2155; x_wconf 71' lang='grc'><strong><em>’</em></strong></span> <span class='ocrx_word' id='word_1_180' title='bbox 81 2147 282 2199; x_wconf 82' lang='lat' dir='ltr'>Particula,</span> <span class='ocrx_word' id='word_1_181' title='bbox 326 2162 429 2195; x_wconf 81' lang='lat' dir='ltr'>nam,</span> <span class='ocrx_word' id='word_1_182' title='bbox 479 2147 587 2201; x_wconf 79' lang='lat' dir='ltr'>saepe</span> <span class='ocrx_word' id='word_1_183' title='bbox 635 2145 817 2186; x_wconf 62' lang='lat' dir='ltr'>leetorem</span> 
     </span>
     <span class='ocr_line' id='line_1_37' title="bbox 83 2202 816 2247; baseline -0.008 0"><span class='ocrx_word' id='word_1_184' title='bbox 83 2206 283 2247; x_wconf 86' lang='lat' dir='ltr'>commode</span> <span class='ocrx_word' id='word_1_185' title='bbox 296 2205 458 2244; x_wconf 77' lang='lat' dir='ltr'>traducit</span> <span class='ocrx_word' id='word_1_186' title='bbox 476 2204 522 2242; x_wconf 88' lang='lat' dir='ltr'>ad</span> <span class='ocrx_word' id='word_1_187' title='bbox 540 2203 725 2242; x_wconf 81' lang='lat' dir='ltr'>diuersam</span> <span class='ocrx_word' id='word_1_188' title='bbox 737 2202 816 2242; x_wconf 80' lang='lat' dir='ltr'>sen-</span> 
     </span>
     <span class='ocr_line' id='line_1_38' title="bbox 83 2259 814 2309; baseline -0.004 -6"><span class='ocrx_word' id='word_1_189' title='bbox 83 2267 250 2303; x_wconf 87' lang='lat' dir='ltr'>tentiam.</span> <span class='ocrx_word' id='word_1_190' title='bbox 274 2272 314 2301; x_wconf 87' lang='lat' dir='ltr'>vt</span> <span class='ocrx_word' id='word_1_191' title='bbox 342 2263 414 2309; x_wconf 68' lang='lat' dir='ltr'>hie,</span> <span class='ocrx_word' id='word_1_192' title='bbox 437 2272 474 2300; x_wconf 89' lang='lat' dir='ltr'>et</span> <span class='ocrx_word' id='word_1_193' title='bbox 507 2260 628 2308; x_wconf 87' lang='lat' dir='ltr'>infra,</span> <span class='ocrx_word' id='word_1_194' title='bbox 652 2274 742 2299; x_wconf 82' lang='lat' dir='ltr'>nam</span> <span class='ocrx_word' id='word_1_195' title='bbox 767 2259 814 2301; x_wconf 83' lang='lat' dir='ltr'>de</span> 
     </span>
     <span class='ocr_line' id='line_1_39' title="bbox 80 2315 811 2376; baseline -0.007 -15"><span class='ocrx_word' id='word_1_196' title='bbox 80 2321 166 2361; x_wconf 74' lang='lat' dir='ltr'>HS</span> <span class='ocrx_word' id='word_1_197' title='bbox 190 2322 386 2376; x_wconf 82' lang='lat' dir='ltr'>nongentis</span> <span class='ocrx_word' id='word_1_198' title='bbox 413 2317 595 2358; x_wconf 78' lang='lat' dir='ltr'>millibus.</span> <span class='ocrx_word' id='word_1_199' title='bbox 621 2327 658 2357; x_wconf 87' lang='lat' dir='ltr'>et</span> <span class='ocrx_word' id='word_1_200' title='bbox 690 2315 756 2358; x_wconf 86' lang='lat' dir='ltr'>lib.</span> <span class='ocrx_word' id='word_1_201' title='bbox 780 2332 811 2356; x_wconf 90' lang='grc' dir='ltr'>ι.</span> 
     </span>
     <span class='ocr_line' id='line_1_40' title="bbox 79 2373 814 2431; baseline -0.008 -13"><span class='ocrx_word' id='word_1_202' title='bbox 79 2379 230 2431; x_wconf 81' lang='lat' dir='ltr'>epist.9,</span> <span class='ocrx_word' id='word_1_203' title='bbox 260 2378 369 2418; x_wconf 79' lang='lat' dir='ltr'>Nam</span> <span class='ocrx_word' id='word_1_204' title='bbox 389 2376 436 2416; x_wconf 76' lang='lat' dir='ltr'>de</span> <span class='ocrx_word' id='word_1_205' title='bbox 461 2376 578 2428; x_wconf 81' lang='lat' dir='ltr'>Appio</span> <span class='ocrx_word' id='word_1_206' title='bbox 605 2373 708 2429; x_wconf 81' lang='lat' dir='ltr'>quod</span> <span class='ocrx_word' id='word_1_207' title='bbox 722 2373 814 2421; x_wconf 69' lang='lat' dir='ltr'>stri·</span> 
     </span>
     <span class='ocr_line' id='line_1_41' title="bbox 76 2433 812 2485; baseline -0.007 -10"><span class='ocrx_word' id='word_1_208' title='bbox 76 2434 278 2485; x_wconf 73' lang='lat' dir='ltr'>bis,s1&#39;cuti</span> <span class='ocrx_word' id='word_1_209' title='bbox 309 2433 356 2474; x_wconf 82' lang='lat' dir='ltr'>de</span> <span class='ocrx_word' id='word_1_210' title='bbox 390 2433 559 2483; x_wconf 70' lang='lat' dir='ltr'>Caqsare,</span> <span class='ocrx_word' id='word_1_211' title='bbox 595 2442 633 2471; x_wconf 86' lang='lat' dir='ltr'>te</span> <span class='ocrx_word' id='word_1_212' title='bbox 654 2445 727 2469; x_wconf 70' lang='lat' dir='ltr'>non</span> <span class='ocrx_word' id='word_1_213' title='bbox 755 2445 812 2470; x_wconf 88' lang='lat' dir='ltr'>re-</span> 
     </span>
     <span class='ocr_line' id='line_1_42' title="bbox 71 2487 812 2547; baseline -0.008 -16"><span class='ocrx_word' id='word_1_214' title='bbox 71 2491 325 2547; x_wconf 73' lang='lat' dir='ltr'>prehendere:</span> <span class='ocrx_word' id='word_1_215' title='bbox 358 2488 510 2545; x_wconf 76' lang='lat' dir='ltr'>gaudeo</span> <span class='ocrx_word' id='word_1_216' title='bbox 528 2488 723 2539; x_wconf 53' lang='lat' dir='ltr'>confilium</span> <span class='ocrx_word' id='word_1_217' title='bbox 741 2487 812 2529; x_wconf 67' lang='lat' dir='ltr'>tihi</span> 
     </span>
     <span class='ocr_line' id='line_1_43' title="bbox 70 2543 808 2604; baseline -0.007 -17"><span class='ocrx_word' id='word_1_218' title='bbox 70 2548 237 2604; x_wconf 71' lang='lat' dir='ltr'>probari</span> <span class='ocrx_word' id='word_1_219' title='bbox 262 2543 393 2587; x_wconf 64' lang='lat' dir='ltr'>meum.</span> <span class='ocrx_word' id='word_1_220' title='bbox 431 2556 468 2585; x_wconf 88' lang='lat' dir='ltr'>et</span> <span class='ocrx_word' id='word_1_221' title='bbox 496 2544 560 2584; x_wconf 73' lang='lat' dir='ltr'>lib.</span> <span class='ocrx_word' id='word_1_222' title='bbox 580 2556 618 2597; x_wconf 84' lang='lat'>7.</span> <span class='ocrx_word' id='word_1_223' title='bbox 649 2545 751 2597; x_wconf 78' lang='lat' dir='ltr'>epist.</span> <span class='ocrx_word' id='word_1_224' title='bbox 777 2558 808 2583; x_wconf 81' lang='grc' dir='ltr'>ι.</span> 
     </span>
     <span class='ocr_line' id='line_1_44' title="bbox 77 2602 810 2659; baseline -0.011 -13"><span class='ocrx_word' id='word_1_225' title='bbox 77 2606 187 2646; x_wconf 76' lang='lat' dir='ltr'>Nam</span> <span class='ocrx_word' id='word_1_226' title='bbox 209 2606 303 2659; x_wconf 79' lang='lat' dir='ltr'>quid</span> <span class='ocrx_word' id='word_1_227' title='bbox 327 2617 391 2659; x_wconf 77' lang='lat' dir='ltr'>ego</span> <span class='ocrx_word' id='word_1_228' title='bbox 423 2615 460 2640; x_wconf 81' lang='lat' dir='ltr'>te</span> <span class='ocrx_word' id='word_1_229' title='bbox 489 2602 658 2642; x_wconf 69' lang='lat' dir='ltr'>athletas</span> <span class='ocrx_word' id='word_1_230' title='bbox 678 2611 810 2653; x_wconf 84' lang='lat' dir='ltr'>putem</span> 
     </span>
     <span class='ocr_line' id='line_1_45' title="bbox 72 2658 810 2714; baseline -0.012 -10"><span class='ocrx_word' id='word_1_231' title='bbox 72 2661 317 2714; x_wconf 58' lang='lat' dir='ltr'>deficit-rare?</span> <span class='ocrx_word' id='word_1_232' title='bbox 329 2671 364 2699; x_wconf 89' lang='lat' dir='ltr'>et</span> <span class='ocrx_word' id='word_1_233' title='bbox 386 2659 451 2699; x_wconf 80' lang='lat' dir='ltr'>lib.</span> <span class='ocrx_word' id='word_1_234' title='bbox 468 2672 501 2712; x_wconf 80' lang='lat'>3.</span> <span class='ocrx_word' id='word_1_235' title='bbox 518 2658 564 2698; x_wconf 89' lang='lat' dir='ltr'>ad</span> <span class='ocrx_word' id='word_1_236' title='bbox 586 2659 695 2699; x_wconf 78' lang='lat' dir='ltr'>Attic.</span> <span class='ocrx_word' id='word_1_237' title='bbox 707 2659 810 2711; x_wconf 87' lang='lat' dir='ltr'>epist.</span> 
     </span>
     <span class='ocr_line' id='line_1_46' title="bbox 77 2714 810 2772; baseline -0.01 -13"><span class='ocrx_word' id='word_1_238' title='bbox 77 2731 142 2765; x_wconf 79' lang='lat'>10.</span> <span class='ocrx_word' id='word_1_239' title='bbox 175 2719 282 2759; x_wconf 83' lang='lat' dir='ltr'>Nam</span> <span class='ocrx_word' id='word_1_240' title='bbox 309 2718 410 2772; x_wconf 82' lang='lat' dir='ltr'>quod</span> <span class='ocrx_word' id='word_1_241' title='bbox 437 2730 493 2754; x_wconf 80' lang='lat' dir='ltr'>me</span> <span class='ocrx_word' id='word_1_242' title='bbox 517 2727 598 2754; x_wconf 83' lang='lat' dir='ltr'>tam</span> <span class='ocrx_word' id='word_1_243' title='bbox 610 2714 746 2767; x_wconf 72' lang='lat' dir='ltr'>saepe,</span> <span class='ocrx_word' id='word_1_244' title='bbox 774 2723 810 2752; x_wconf 82' lang='lat' dir='ltr'>et</span> 
     </span>
     <span class='ocr_line' id='line_1_47' title="bbox 73 2771 811 2828; baseline -0.009 -11"><span class='ocrx_word' id='word_1_245' title='bbox 73 2787 155 2819; x_wconf 83' lang='lat' dir='ltr'>tam</span> <span class='ocrx_word' id='word_1_246' title='bbox 181 2774 417 2817; x_wconf 75' lang='lat' dir='ltr'>vehementer</span> <span class='ocrx_word' id='word_1_247' title='bbox 447 2771 635 2828; x_wconf 76' lang='lat' dir='ltr'>obiurgas.</span> <span class='ocrx_word' id='word_1_248' title='bbox 680 2781 717 2811; x_wconf 75' lang='lat' dir='ltr'>et</span> <span class='ocrx_word' id='word_1_249' title='bbox 749 2783 811 2812; x_wconf 90' lang='lat' dir='ltr'>eo-</span> 
     </span>
    </p>
   </div>
   <div class='ocr_carea' id='block_1_10' title="bbox 865 263 1664 2869">
    <p class='ocr_par' dir='ltr' id='par_1_10' title="bbox 906 263 1664 655">
     <span class='ocr_line' id='line_1_48' title="bbox 916 263 1664 324; baseline -0.003 -19"><span class='ocrx_word' id='word_1_250' title='bbox 916 278 1065 324; x_wconf 83' lang='lat' dir='ltr'>purgas</span> <span class='ocrx_word' id='word_1_251' title='bbox 1083 279 1155 312; x_wconf 82' lang='lat' dir='ltr'>eos,</span> <span class='ocrx_word' id='word_1_252' title='bbox 1173 275 1243 305; x_wconf 82' lang='lat' dir='ltr'>etc.</span> <span class='ocrx_word' id='word_1_253' title='bbox 1275 265 1442 320; x_wconf 85' lang='lat' dir='ltr'>Logeum</span> <span class='ocrx_word' id='word_1_254' title='bbox 1468 263 1579 304; x_wconf 79' lang='lat' dir='ltr'>fuiss&#39;e</span> <span class='ocrx_word' id='word_1_255' title='bbox 1610 264 1664 303; x_wconf 87' lang='lat' dir='ltr'>fa-</span> 
     </span>
     <span class='ocr_line' id='line_1_49' title="bbox 919 321 1660 375; baseline 0.001 -15"><span class='ocrx_word' id='word_1_256' title='bbox 919 338 1011 363; x_wconf 87' lang='lat' dir='ltr'>num</span> <span class='ocrx_word' id='word_1_257' title='bbox 1029 324 1211 370; x_wconf 78' lang='lat' dir='ltr'>arbitror,</span> <span class='ocrx_word' id='word_1_258' title='bbox 1234 323 1274 360; x_wconf 87' lang='lat' dir='ltr'>in</span> <span class='ocrx_word' id='word_1_259' title='bbox 1296 335 1374 375; x_wconf 89' lang='lat' dir='ltr'>quo</span> <span class='ocrx_word' id='word_1_260' title='bbox 1394 324 1577 375; x_wconf 78' lang='lat' dir='ltr'>pecuniae</span> <span class='ocrx_word' id='word_1_261' title='bbox 1597 321 1660 361; x_wconf 86' lang='lat' dir='ltr'>dc-</span> 
     </span>
     <span class='ocr_line' id='line_1_50' title="bbox 916 380 1657 433; baseline -0.001 -15"><span class='ocrx_word' id='word_1_262' title='bbox 916 390 1173 433; x_wconf 81' lang='lat' dir='ltr'>ponerentur;</span> <span class='ocrx_word' id='word_1_263' title='bbox 1213 380 1278 418; x_wconf 91' lang='lat' dir='ltr'>vbi</span> <span class='ocrx_word' id='word_1_264' title='bbox 1309 381 1470 432; x_wconf 88' lang='lat' dir='ltr'>pecunia</span> <span class='ocrx_word' id='word_1_265' title='bbox 1500 392 1657 433; x_wconf 88' lang='lat' dir='ltr'>quoque</span> 
     </span>
     <span class='ocr_line' id='line_1_51' title="bbox 915 436 1654 490; baseline -0.001 -15"><span class='ocrx_word' id='word_1_266' title='bbox 915 436 995 484; x_wconf 87' lang='lat' dir='ltr'>illa,</span> <span class='ocrx_word' id='word_1_267' title='bbox 1012 439 1052 476; x_wconf 92' lang='lat' dir='ltr'>in</span> <span class='ocrx_word' id='word_1_268' title='bbox 1071 437 1270 490; x_wconf 88' lang='lat' dir='ltr'>prouincia</span> <span class='ocrx_word' id='word_1_269' title='bbox 1287 438 1484 475; x_wconf 90' lang='lat' dir='ltr'>Ciceronis</span> <span class='ocrx_word' id='word_1_270' title='bbox 1510 438 1654 484; x_wconf 59' lang='lat' dir='ltr'>exacta,</span> 
     </span>
     <span class='ocr_line' id='line_1_52' title="bbox 912 492 1650 546; baseline -0.001 -14"><span class='ocrx_word' id='word_1_271' title='bbox 912 508 935 532; x_wconf 86' lang='lat' dir='ltr'>a</span> <span class='ocrx_word' id='word_1_272' title='bbox 966 493 1067 533; x_wconf 86' lang='lat' dir='ltr'>Rufo</span> <span class='ocrx_word' id='word_1_273' title='bbox 1099 494 1296 546; x_wconf 82' lang='lat' dir='ltr'>quaestore</span> <span class='ocrx_word' id='word_1_274' title='bbox 1330 492 1427 532; x_wconf 74' lang='lat' dir='ltr'>iuss&#39;u</span> <span class='ocrx_word' id='word_1_275' title='bbox 1451 495 1650 533; x_wconf 73' lang='lat' dir='ltr'>Ciceronis</span> 
     </span>
     <span class='ocr_line' id='line_1_53' title="bbox 909 551 1648 604; baseline 0 -14"><span class='ocrx_word' id='word_1_276' title='bbox 909 551 1075 604; x_wconf 83' lang='lat' dir='ltr'>deposita</span> <span class='ocrx_word' id='word_1_277' title='bbox 1103 551 1153 588; x_wconf 86' lang='lat' dir='ltr'>est</span> <span class='ocrx_word' id='word_1_278' title='bbox 1178 551 1334 589; x_wconf 60' lang='lat' dir='ltr'>audiere</span> <span class='ocrx_word' id='word_1_279' title='bbox 1358 552 1552 604; x_wconf 89' lang='lat' dir='ltr'>Pompeio.</span> <span class='ocrx_word' id='word_1_280' title='bbox 1592 554 1648 590; x_wconf 78' lang='lat' dir='ltr'>ln-</span> 
     </span>
     <span class='ocr_line' id='line_1_54' title="bbox 906 606 1443 655; baseline -0.004 -8"><span class='ocrx_word' id='word_1_281' title='bbox 906 607 965 647; x_wconf 86' lang='lat' dir='ltr'>fra</span> <span class='ocrx_word' id='word_1_282' title='bbox 982 622 1042 647; x_wconf 89' lang='lat' dir='ltr'>res</span> <span class='ocrx_word' id='word_1_283' title='bbox 1070 606 1200 646; x_wconf 87' lang='lat' dir='ltr'>eadem</span> <span class='ocrx_word' id='word_1_284' title='bbox 1232 609 1443 655; x_wconf 86' lang='lat' dir='ltr'>attingitur.</span> 
     </span>
    </p>

    <p class='ocr_par' dir='ltr' id='par_1_11' title="bbox 900 663 1646 999">
     <span class='ocr_line' id='line_1_55' title="bbox 961 663 1645 716; baseline -0.001 -10"><span class='ocrx_word' id='word_1_285' title='bbox 961 663 1152 716; x_wconf 68' lang='lat' dir='ltr'>Am‘lore]</span> <span class='ocrx_word' id='word_1_286' title='bbox 1184 667 1385 709; x_wconf 83' lang='lat' dir='ltr'>Hortante,</span> <span class='ocrx_word' id='word_1_287' title='bbox 1398 674 1434 702; x_wconf 87' lang='lat' dir='ltr'>et</span> <span class='ocrx_word' id='word_1_288' title='bbox 1453 663 1645 705; x_wconf 85' lang='lat' dir='ltr'>suadente.</span> 
     </span>
     <span class='ocr_line' id='line_1_56' title="bbox 905 720 1646 774; baseline 0 -14"><span class='ocrx_word' id='word_1_289' title='bbox 905 722 1010 774; x_wconf 89' lang='lat' dir='ltr'>quod</span> <span class='ocrx_word' id='word_1_290' title='bbox 1028 721 1182 762; x_wconf 89' lang='lat' dir='ltr'>videtur</span> <span class='ocrx_word' id='word_1_291' title='bbox 1207 721 1295 760; x_wconf 92' lang='lat' dir='ltr'>ideo</span> <span class='ocrx_word' id='word_1_292' title='bbox 1319 723 1519 774; x_wconf 90' lang='lat' dir='ltr'>Pompeius</span> <span class='ocrx_word' id='word_1_293' title='bbox 1541 720 1646 760; x_wconf 90' lang='lat' dir='ltr'>fecis-</span> 
     </span>
     <span class='ocr_line' id='line_1_57' title="bbox 903 777 1643 833; baseline -0.001 -15"><span class='ocrx_word' id='word_1_294' title='bbox 903 779 961 828; x_wconf 91' lang='lat' dir='ltr'>se,</span> <span class='ocrx_word' id='word_1_295' title='bbox 993 790 1034 818; x_wconf 90' lang='lat' dir='ltr'>vt</span> <span class='ocrx_word' id='word_1_296' title='bbox 1066 793 1108 819; x_wconf 90' lang='lat' dir='ltr'>ea</span> <span class='ocrx_word' id='word_1_297' title='bbox 1137 780 1296 833; x_wconf 88' lang='lat' dir='ltr'>pecunia</span> <span class='ocrx_word' id='word_1_298' title='bbox 1320 777 1399 830; x_wconf 89' lang='lat' dir='ltr'>ipse</span> <span class='ocrx_word' id='word_1_299' title='bbox 1427 779 1555 832; x_wconf 83' lang='lat' dir='ltr'>postea</span> <span class='ocrx_word' id='word_1_300' title='bbox 1587 780 1643 817; x_wconf 87' lang='lat' dir='ltr'>vti</span> 
     </span>
     <span class='ocr_line' id='line_1_58' title="bbox 901 834 1641 890; baseline -0.001 -14"><span class='ocrx_word' id='word_1_301' title='bbox 901 835 1036 890; x_wconf 71' lang='lat' dir='ltr'>posset,</span> <span class='ocrx_word' id='word_1_302' title='bbox 1082 834 1404 890; x_wconf 83' lang='lat' dir='ltr'>quemadmodum</span> <span class='ocrx_word' id='word_1_303' title='bbox 1453 834 1538 874; x_wconf 85' lang='lat' dir='ltr'>vsus</span> <span class='ocrx_word' id='word_1_304' title='bbox 1579 837 1641 875; x_wconf 81' lang='lat' dir='ltr'>est.</span> 
     </span>
     <span class='ocr_line' id='line_1_59' title="bbox 900 891 1643 942; baseline -0.003 -8"><span class='ocrx_word' id='word_1_305' title='bbox 900 893 1058 942; x_wconf 69' lang='lat' dir='ltr'>Aflore,</span> <span class='ocrx_word' id='word_1_306' title='bbox 1090 893 1188 934; x_wconf 87' lang='lat' dir='ltr'>liber</span> <span class='ocrx_word' id='word_1_307' title='bbox 1212 892 1418 942; x_wconf 74' lang='lat' dir='ltr'>Medioeus,</span> <span class='ocrx_word' id='word_1_308' title='bbox 1440 891 1643 933; x_wconf 81' lang='lat' dir='ltr'>mendose:</span> 
     </span>
     <span class='ocr_line' id='line_1_60' title="bbox 902 949 1348 999; baseline 0 -9"><span class='ocrx_word' id='word_1_309' title='bbox 902 949 1080 999; x_wconf 71' lang='lat' dir='ltr'>auc‘lore,</span> <span class='ocrx_word' id='word_1_310' title='bbox 1108 952 1183 993; x_wconf 85' lang='lat' dir='ltr'>mei</span> <span class='ocrx_word' id='word_1_311' title='bbox 1203 964 1348 994; x_wconf 85' lang='lat' dir='ltr'>ornnes.</span> 
     </span>
    </p>

    <p class='ocr_par' dir='ltr' id='par_1_12' title="bbox 881 1007 1641 1517">
     <span class='ocr_line' id='line_1_61' title="bbox 916 1007 1641 1063; baseline -0.003 -15"><span class='ocrx_word' id='word_1_312' title='bbox 916 1020 939 1037; x_wconf 80' lang='grc'>&gt;</span> <span class='ocrx_word' id='word_1_313' title='bbox 956 1007 1126 1063; x_wconf 81' lang='lat' dir='ltr'>Agnoui]</span> <span class='ocrx_word' id='word_1_314' title='bbox 1156 1009 1247 1047; x_wconf 89' lang='lat' dir='ltr'>Non</span> <span class='ocrx_word' id='word_1_315' title='bbox 1267 1009 1423 1058; x_wconf 77' lang='lat' dir='ltr'>negaui:</span> <span class='ocrx_word' id='word_1_316' title='bbox 1454 1007 1641 1049; x_wconf 71' lang='lat' dir='ltr'>confess&#39;us</span> 
     </span>
     <span class='ocr_line' id='line_1_62' title="bbox 899 1062 1639 1119; baseline 0 -16"><span class='ocrx_word' id='word_1_317' title='bbox 899 1062 994 1113; x_wconf 87' lang='lat' dir='ltr'>sum,</span> <span class='ocrx_word' id='word_1_318' title='bbox 1012 1064 1052 1105; x_wconf 91' lang='lat' dir='ltr'>id</span> <span class='ocrx_word' id='word_1_319' title='bbox 1080 1064 1184 1119; x_wconf 88' lang='lat' dir='ltr'>quod</span> <span class='ocrx_word' id='word_1_320' title='bbox 1216 1079 1276 1105; x_wconf 84' lang='lat' dir='ltr'>res</span> <span class='ocrx_word' id='word_1_321' title='bbox 1309 1076 1402 1112; x_wconf 87' lang='lat' dir='ltr'>erat,</span> <span class='ocrx_word' id='word_1_322' title='bbox 1425 1079 1511 1105; x_wconf 88' lang='lat' dir='ltr'>meo</span> <span class='ocrx_word' id='word_1_323' title='bbox 1542 1065 1639 1104; x_wconf 77' lang='lat' dir='ltr'>iussu</span> 
     </span>
     <span class='ocr_line' id='line_1_63' title="bbox 899 1120 1640 1176; baseline -0.004 -13"><span class='ocrx_word' id='word_1_324' title='bbox 899 1120 972 1163; x_wconf 81' lang='lat' dir='ltr'>effe</span> <span class='ocrx_word' id='word_1_325' title='bbox 1003 1121 1218 1176; x_wconf 70' lang='lat' dir='ltr'>depositam.</span> <span class='ocrx_word' id='word_1_326' title='bbox 1304 1123 1515 1175; x_wconf 75' lang='lat' dir='ltr'>Agancere</span> <span class='ocrx_word' id='word_1_327' title='bbox 1548 1121 1640 1161; x_wconf 88' lang='lat' dir='ltr'>dici-</span> 
     </span>
     <span class='ocr_line' id='line_1_64' title="bbox 897 1177 1637 1233; baseline 0.001 -16"><span class='ocrx_word' id='word_1_328' title='bbox 897 1193 997 1226; x_wconf 86' lang='lat' dir='ltr'>mur,</span> <span class='ocrx_word' id='word_1_329' title='bbox 1034 1179 1140 1233; x_wconf 87' lang='lat' dir='ltr'>quod</span> <span class='ocrx_word' id='word_1_330' title='bbox 1174 1193 1308 1219; x_wconf 85' lang='lat' dir='ltr'>verum</span> <span class='ocrx_word' id='word_1_331' title='bbox 1351 1179 1516 1220; x_wconf 86' lang='lat' dir='ltr'>fatemur</span> <span class='ocrx_word' id='word_1_332' title='bbox 1551 1177 1637 1225; x_wconf 75' lang='lat' dir='ltr'>csse,</span> 
     </span>
     <span class='ocr_line' id='line_1_65' title="bbox 895 1234 1637 1291; baseline 0 -17"><span class='ocrx_word' id='word_1_333' title='bbox 895 1234 961 1276; x_wconf 91' lang='lat' dir='ltr'>lib.</span> <span class='ocrx_word' id='word_1_334' title='bbox 973 1250 1013 1290; x_wconf 87' lang='lat'>4.</span> <span class='ocrx_word' id='word_1_335' title='bbox 1035 1239 1136 1291; x_wconf 86' lang='lat' dir='ltr'>epist.</span> <span class='ocrx_word' id='word_1_336' title='bbox 1148 1248 1184 1287; x_wconf 82' lang='grc'>4.</span> <span class='ocrx_word' id='word_1_337' title='bbox 1223 1236 1341 1276; x_wconf 79' lang='lat' dir='ltr'>Illam</span> <span class='ocrx_word' id='word_1_338' title='bbox 1356 1246 1508 1288; x_wconf 80' lang='lat' dir='ltr'>partem</span> <span class='ocrx_word' id='word_1_339' title='bbox 1524 1250 1637 1276; x_wconf 81' lang='lat' dir='ltr'>excu-</span> 
     </span>
     <span class='ocr_line' id='line_1_66' title="bbox 887 1293 1636 1348; baseline 0 -16"><span class='ocrx_word' id='word_1_340' title='bbox 887 1293 1062 1344; x_wconf 79' lang='lat' dir='ltr'>sationis,</span> <span class='ocrx_word' id='word_1_341' title='bbox 1101 1308 1175 1348; x_wconf 81' lang='lat' dir='ltr'>qua</span> <span class='ocrx_word' id='word_1_342' title='bbox 1210 1303 1246 1333; x_wconf 81' lang='lat' dir='ltr'>te</span> <span class='ocrx_word' id='word_1_343' title='bbox 1266 1293 1410 1344; x_wconf 76' lang='lat' dir='ltr'>scribis</span> <span class='ocrx_word' id='word_1_344' title='bbox 1450 1296 1636 1335; x_wconf 73' lang='lat' dir='ltr'>orationis</span> 
     </span>
     <span class='ocr_line' id='line_1_67' title="bbox 886 1349 1635 1404; baseline 0 -16"><span class='ocrx_word' id='word_1_345' title='bbox 886 1362 1130 1404; x_wconf 79' lang='lat' dir='ltr'>paupertate,</span> <span class='ocrx_word' id='word_1_346' title='bbox 1151 1349 1284 1395; x_wconf 82' lang='lat' dir='ltr'>iisdem</span> <span class='ocrx_word' id='word_1_347' title='bbox 1314 1350 1439 1390; x_wconf 77' lang='lat' dir='ltr'>verbis</span> <span class='ocrx_word' id='word_1_348' title='bbox 1464 1349 1635 1402; x_wconf 72' lang='lat' dir='ltr'>epistolar</span> 
     </span>
     <span class='ocr_line' id='line_1_68' title="bbox 881 1406 1632 1464; baseline 0.003 -18"><span class='ocrx_word' id='word_1_349' title='bbox 881 1406 1041 1460; x_wconf 60' lang='grc' dir='ltr'><em>[πρίω</em></span> <span class='ocrx_word' id='word_1_350' title='bbox 1066 1410 1241 1456; x_wconf 81' lang='lat' dir='ltr'>mittere,</span> <span class='ocrx_word' id='word_1_351' title='bbox 1276 1420 1344 1448; x_wconf 81' lang='lat' dir='ltr'>nec</span> <span class='ocrx_word' id='word_1_352' title='bbox 1371 1408 1528 1464; x_wconf 80' lang='lat' dir='ltr'>agnosco</span> <span class='ocrx_word' id='word_1_353' title='bbox 1563 1421 1632 1448; x_wconf 81' lang='lat' dir='ltr'>nec</span> 
     </span>
     <span class='ocr_line' id='line_1_69' title="bbox 886 1463 1017 1517; baseline 0.008 -14"><span class='ocrx_word' id='word_1_354' title='bbox 886 1463 1017 1517; x_wconf 58' lang='lat' dir='ltr'>probo.</span> 
     </span>
    </p>

    <p class='ocr_par' dir='ltr' id='par_1_13' title="bbox 887 1519 1631 1747">
     <span class='ocr_line' id='line_1_70' title="bbox 950 1519 1631 1574; baseline -0.003 -13"><span class='ocrx_word' id='word_1_355' title='bbox 950 1522 1004 1561; x_wconf 84' lang='lat' dir='ltr'>Vt</span> <span class='ocrx_word' id='word_1_356' title='bbox 1020 1535 1065 1561; x_wconf 76' lang='lat' dir='ltr'>oa</span> <span class='ocrx_word' id='word_1_357' title='bbox 1085 1531 1197 1560; x_wconf 80' lang='lat' dir='ltr'>ERN.</span> <span class='ocrx_word' id='word_1_358' title='bbox 1230 1519 1333 1574; x_wconf 75' lang='lat' dir='ltr'>Tua]</span> <span class='ocrx_word' id='word_1_359' title='bbox 1363 1523 1472 1568; x_wconf 77' lang='lat' dir='ltr'>Qiae</span> <span class='ocrx_word' id='word_1_360' title='bbox 1490 1520 1538 1558; x_wconf 88' lang='lat' dir='ltr'>ad</span> <span class='ocrx_word' id='word_1_361' title='bbox 1556 1522 1631 1559; x_wconf 80' lang='lat' dir='ltr'>Ru-</span> 
     </span>
     <span class='ocr_line' id='line_1_71' title="bbox 888 1576 1629 1631; baseline 0.001 -16"><span class='ocrx_word' id='word_1_362' title='bbox 888 1576 971 1616; x_wconf 87' lang='lat' dir='ltr'>fum</span> <span class='ocrx_word' id='word_1_363' title='bbox 989 1592 1034 1621; x_wconf 82' lang='lat' dir='ltr'>ex</span> <span class='ocrx_word' id='word_1_364' title='bbox 1054 1578 1379 1617; x_wconf 83' lang='lat' dir='ltr'>administratione</span> <span class='ocrx_word' id='word_1_365' title='bbox 1389 1578 1629 1631; x_wconf 85' lang='lat' dir='ltr'>prouinciae,</span> 
     </span>
     <span class='ocr_line' id='line_1_72' title="bbox 887 1632 1628 1688; baseline -0.001 -15"><span class='ocrx_word' id='word_1_366' title='bbox 887 1632 998 1674; x_wconf 86' lang='lat' dir='ltr'>saluis</span> <span class='ocrx_word' id='word_1_367' title='bbox 1011 1633 1170 1685; x_wconf 83' lang='lat' dir='ltr'>legibus,</span> <span class='ocrx_word' id='word_1_368' title='bbox 1181 1644 1421 1688; x_wconf 81' lang='lat' dir='ltr'>peruenerat.</span> <span class='ocrx_word' id='word_1_369' title='bbox 1449 1647 1535 1672; x_wconf 84' lang='lat' dir='ltr'>nam</span> <span class='ocrx_word' id='word_1_370' title='bbox 1546 1632 1628 1682; x_wconf 76' lang='lat' dir='ltr'>illa,</span> 
     </span>
     <span class='ocr_line' id='line_1_73' title="bbox 887 1689 1627 1747; baseline 0 -17"><span class='ocrx_word' id='word_1_371' title='bbox 887 1704 962 1744; x_wconf 88' lang='lat' dir='ltr'>qua</span> <span class='ocrx_word' id='word_1_372' title='bbox 984 1694 1184 1747; x_wconf 84' lang='lat' dir='ltr'>Pompeius</span> <span class='ocrx_word' id='word_1_373' title='bbox 1204 1692 1255 1730; x_wconf 90' lang='lat' dir='ltr'>est</span> <span class='ocrx_word' id='word_1_374' title='bbox 1274 1689 1373 1738; x_wconf 74' lang='lat' dir='ltr'>vsuS,</span> <span class='ocrx_word' id='word_1_375' title='bbox 1392 1689 1526 1745; x_wconf 72' lang='lat' dir='ltr'>Populi</span> <span class='ocrx_word' id='word_1_376' title='bbox 1542 1690 1627 1732; x_wconf 84' lang='lat' dir='ltr'>fuit.</span> 
     </span>
    </p>

    <p class='ocr_par' dir='ltr' id='par_1_14' title="bbox 874 1745 1634 2200">
     <span class='ocr_line' id='line_1_74' title="bbox 943 1745 1626 1805; baseline 0.001 -18"><span class='ocrx_word' id='word_1_377' title='bbox 943 1749 1156 1805; x_wconf 59' lang='lat' dir='ltr'>‚Quam-tu]</span> <span class='ocrx_word' id='word_1_378' title='bbox 1183 1746 1324 1788; x_wconf 88' lang='lat' dir='ltr'>Nullus</span> <span class='ocrx_word' id='word_1_379' title='bbox 1348 1745 1508 1787; x_wconf 85' lang='lat' dir='ltr'>omnino</span> <span class='ocrx_word' id='word_1_380' title='bbox 1527 1746 1626 1788; x_wconf 86' lang='lat' dir='ltr'>liber</span> 
     </span>
     <span class='ocr_line' id='line_1_75' title="bbox 883 1804 1624 1860; baseline 0.004 -18"><span class='ocrx_word' id='word_1_381' title='bbox 883 1808 1075 1858; x_wconf 83' lang='lat' dir='ltr'>antiquus,</span> <span class='ocrx_word' id='word_1_382' title='bbox 1094 1820 1208 1860; x_wconf 88' lang='lat' dir='ltr'>quem</span> <span class='ocrx_word' id='word_1_383' title='bbox 1220 1819 1289 1855; x_wconf 85' lang='lat' dir='ltr'>ego</span> <span class='ocrx_word' id='word_1_384' title='bbox 1306 1804 1484 1852; x_wconf 83' lang='lat' dir='ltr'>viderim,</span> <span class='ocrx_word' id='word_1_385' title='bbox 1495 1805 1624 1852; x_wconf 84' lang='lat' dir='ltr'>habet,</span> 
     </span>
     <span class='ocr_line' id='line_1_76' title="bbox 881 1861 1634 1919; baseline 0.004 -20"><span class='ocrx_word' id='word_1_386' title='bbox 881 1876 995 1917; x_wconf 81' lang='lat' dir='ltr'>quam</span> <span class='ocrx_word' id='word_1_387' title='bbox 1015 1873 1083 1903; x_wconf 82' lang='lat' dir='ltr'>tu:</span> <span class='ocrx_word' id='word_1_388' title='bbox 1107 1861 1170 1902; x_wconf 86' lang='lat' dir='ltr'>sed</span> <span class='ocrx_word' id='word_1_389' title='bbox 1188 1861 1267 1910; x_wconf 89' lang='lat' dir='ltr'>alii,</span> <span class='ocrx_word' id='word_1_390' title='bbox 1281 1876 1396 1919; x_wconf 79' lang='lat' dir='ltr'>quam</span> <span class='ocrx_word' id='word_1_391' title='bbox 1413 1873 1519 1902; x_wconf 81' lang='lat' dir='ltr'>tum:</span> <span class='ocrx_word' id='word_1_392' title='bbox 1540 1862 1634 1910; x_wconf 74' lang='lat' dir='ltr'>alii,-</span> 
     </span>
     <span class='ocr_line' id='line_1_77' title="bbox 879 1918 1620 1974; baseline 0 -17"><span class='ocrx_word' id='word_1_393' title='bbox 879 1933 995 1973; x_wconf 71' lang='lat' dir='ltr'>quam</span> <span class='ocrx_word' id='word_1_394' title='bbox 1031 1930 1184 1961; x_wconf 77' lang='lat' dir='ltr'>tamen.-</span> <span class='ocrx_word' id='word_1_395' title='bbox 1221 1918 1300 1966; x_wconf 80' lang='lat' dir='ltr'>alii,</span> <span class='ocrx_word' id='word_1_396' title='bbox 1329 1929 1456 1958; x_wconf 78' lang='lat' dir='ltr'>tamen</span> <span class='ocrx_word' id='word_1_397' title='bbox 1480 1932 1620 1974; x_wconf 76' lang='lat' dir='ltr'>quam.-</span> 
     </span>
     <span class='ocr_line' id='line_1_78' title="bbox 881 1976 1618 2029; baseline 0 -15"><span class='ocrx_word' id='word_1_398' title='bbox 881 1984 917 2014; x_wconf 81' lang='lat' dir='ltr'>et</span> <span class='ocrx_word' id='word_1_399' title='bbox 933 1976 1024 2028; x_wconf 85' lang='lat' dir='ltr'>post,</span> <span class='ocrx_word' id='word_1_400' title='bbox 1043 1976 1272 2029; x_wconf 73' lang='lat' dir='ltr'>deposuerat,</span> <span class='ocrx_word' id='word_1_401' title='bbox 1302 1990 1434 2015; x_wconf 89' lang='lat' dir='ltr'>omnes</span> <span class='ocrx_word' id='word_1_402' title='bbox 1462 1976 1618 2023; x_wconf 87' lang='lat' dir='ltr'>habent,</span> 
     </span>
     <span class='ocr_line' id='line_1_79' title="bbox 879 2031 1616 2086; baseline 0.005 -16"><span class='ocrx_word' id='word_1_403' title='bbox 879 2045 972 2079; x_wconf 84' lang='lat' dir='ltr'>non,</span> <span class='ocrx_word' id='word_1_404' title='bbox 999 2042 1041 2072; x_wconf 78' lang='lat' dir='ltr'>vt</span> <span class='ocrx_word' id='word_1_405' title='bbox 1070 2034 1111 2072; x_wconf 80' lang='lat' dir='ltr'>in</span> <span class='ocrx_word' id='word_1_406' title='bbox 1143 2033 1348 2086; x_wconf 76' lang='lat' dir='ltr'>impresfis‚</span> <span class='ocrx_word' id='word_1_407' title='bbox 1376 2031 1616 2084; x_wconf 71' lang='lat' dir='ltr'>depofiteras.</span> 
     </span>
     <span class='ocr_line' id='line_1_80' title="bbox 876 2088 1614 2143; baseline 0.001 -16"><span class='ocrx_word' id='word_1_408' title='bbox 876 2090 1053 2141; x_wconf 84' lang='lat' dir='ltr'>quocirca</span> <span class='ocrx_word' id='word_1_409' title='bbox 1072 2088 1182 2129; x_wconf 86' lang='lat' dir='ltr'>valde</span> <span class='ocrx_word' id='word_1_410' title='bbox 1210 2089 1377 2143; x_wconf 86' lang='lat' dir='ltr'>suspicor</span> <span class='ocrx_word' id='word_1_411' title='bbox 1395 2088 1441 2127; x_wconf 91' lang='lat' dir='ltr'>de</span> <span class='ocrx_word' id='word_1_412' title='bbox 1460 2089 1614 2131; x_wconf 86' lang='lat' dir='ltr'>mendo.</span> 
     </span>
     <span class='ocr_line' id='line_1_81' title="bbox 874 2145 1613 2200; baseline 0.003 -17"><span class='ocrx_word' id='word_1_413' title='bbox 874 2160 952 2184; x_wconf 89' lang='lat' dir='ltr'>non</span> <span class='ocrx_word' id='word_1_414' title='bbox 974 2148 1077 2188; x_wconf 84' lang='lat' dir='ltr'>enim</span> <span class='ocrx_word' id='word_1_415' title='bbox 1096 2145 1230 2199; x_wconf 87' lang='lat' dir='ltr'>placet,</span> <span class='ocrx_word' id='word_1_416' title='bbox 1250 2158 1334 2193; x_wconf 81' lang='lat' dir='ltr'>tua,</span> <span class='ocrx_word' id='word_1_417' title='bbox 1353 2159 1468 2200; x_wconf 80' lang='lat' dir='ltr'>quam</span> <span class='ocrx_word' id='word_1_418' title='bbox 1486 2157 1528 2185; x_wconf 85' lang='lat' dir='ltr'>tu</span> <span class='ocrx_word' id='word_1_419' title='bbox 1550 2146 1613 2187; x_wconf 74' lang='lat' dir='ltr'>cle-</span> 
     </span>
    </p>

    <p class='ocr_par' dir='ltr' id='par_1_15' title="bbox 865 2200 1612 2371">
     <span class='ocr_line' id='line_1_82' title="bbox 865 2200 1612 2256; baseline 0.001 -15"><span class='ocrx_word' id='word_1_420' title='bbox 865 2203 1058 2255; x_wconf 75' lang='lat' dir='ltr'>posueras.</span> <span class='ocrx_word' id='word_1_421' title='bbox 1087 2200 1202 2256; x_wconf 75' lang='lat' dir='ltr'>quid?</span> <span class='ocrx_word' id='word_1_422' title='bbox 1231 2217 1310 2242; x_wconf 85' lang='lat' dir='ltr'>non</span> <span class='ocrx_word' id='word_1_423' title='bbox 1329 2201 1435 2243; x_wconf 84' lang='lat' dir='ltr'>illam</span> <span class='ocrx_word' id='word_1_424' title='bbox 1453 2216 1612 2255; x_wconf 86' lang='lat' dir='ltr'>quoque</span> 
     </span>
     <span class='ocr_line' id='line_1_83' title="bbox 869 2257 1612 2314; baseline 0.001 -17"><span class='ocrx_word' id='word_1_425' title='bbox 869 2258 1117 2312; x_wconf 85' lang='lat' dir='ltr'>deposuerat,</span> <span class='ocrx_word' id='word_1_426' title='bbox 1157 2274 1291 2314; x_wconf 85' lang='lat' dir='ltr'>quam·</span> <span class='ocrx_word' id='word_1_427' title='bbox 1317 2257 1470 2302; x_wconf 76' lang='lat' dir='ltr'>abstulit</span> <span class='ocrx_word' id='word_1_428' title='bbox 1506 2262 1612 2302; x_wconf 83' lang='lat' dir='ltr'>Pom-</span> 
     </span>
     <span class='ocr_line' id='line_1_84' title="bbox 869 2319 1003 2371; baseline -0.007 -16"><span class='ocrx_word' id='word_1_429' title='bbox 869 2321 977 2371; x_wconf 89' lang='lat' dir='ltr'>peius</span> <span class='ocrx_word' id='word_1_430' title='bbox 990 2319 1003 2354; x_wconf 77' lang='lat'>3</span> 
     </span>
    </p>

    <p class='ocr_par' dir='ltr' id='par_1_16' title="bbox 865 2372 1634 2811">
     <span class='ocr_line' id='line_1_85' title="bbox 922 2372 1634 2426; baseline 0.003 -14"><span class='ocrx_word' id='word_1_431' title='bbox 922 2372 1095 2426; x_wconf 80' lang='lat' dir='ltr'>Sextius]</span> <span class='ocrx_word' id='word_1_432' title='bbox 1131 2375 1367 2414; x_wconf 83' lang='lat' dir='ltr'>Nominatur</span> <span class='ocrx_word' id='word_1_433' title='bbox 1385 2376 1487 2414; x_wconf 88' lang='lat' dir='ltr'>inter</span> <span class='ocrx_word' id='word_1_434' title='bbox 1503 2376 1610 2414; x_wconf 81' lang='lat' dir='ltr'>Pom·</span> <span class='ocrx_word' id='word_1_435' title='bbox 1630 2401 1634 2403; x_wconf 93' lang='lat'><em>-</em></span> 
     </span>
     <span class='ocr_line' id='line_1_86' title="bbox 866 2431 1607 2484; baseline 0.004 -16"><span class='ocrx_word' id='word_1_436' title='bbox 866 2431 1047 2483; x_wconf 73' lang='lat' dir='ltr'>peianoe,</span> <span class='ocrx_word' id='word_1_437' title='bbox 1076 2433 1144 2482; x_wconf 82' lang='lat' dir='ltr'>qui</span> <span class='ocrx_word' id='word_1_438' title='bbox 1175 2445 1258 2470; x_wconf 85' lang='lat' dir='ltr'>tum</span> <span class='ocrx_word' id='word_1_439' title='bbox 1296 2433 1460 2484; x_wconf 85' lang='lat' dir='ltr'>imperio</span> <span class='ocrx_word' id='word_1_440' title='bbox 1498 2431 1607 2471; x_wconf 85' lang='lat' dir='ltr'>fuere</span> 
     </span>
     <span class='ocr_line' id='line_1_87' title="bbox 867 2486 1604 2538; baseline 0.004 -13"><span class='ocrx_word' id='word_1_441' title='bbox 867 2488 983 2525; x_wconf 87' lang='lat' dir='ltr'>initio</span> <span class='ocrx_word' id='word_1_442' title='bbox 1004 2486 1127 2527; x_wconf 81' lang='lat' dir='ltr'>ciuilis</span> <span class='ocrx_word' id='word_1_443' title='bbox 1151 2487 1257 2535; x_wconf 84' lang='lat' dir='ltr'>belli,</span> <span class='ocrx_word' id='word_1_444' title='bbox 1285 2486 1351 2527; x_wconf 84' lang='lat' dir='ltr'>lib.</span> <span class='ocrx_word' id='word_1_445' title='bbox 1364 2493 1401 2538; x_wconf 77' lang='lat'>8.</span> <span class='ocrx_word' id='word_1_446' title='bbox 1429 2488 1475 2528; x_wconf 91' lang='lat' dir='ltr'>ad</span> <span class='ocrx_word' id='word_1_447' title='bbox 1494 2491 1604 2528; x_wconf 83' lang='lat' dir='ltr'>Attic.</span> 
     </span>
     <span class='ocr_line' id='line_1_88' title="bbox 865 2544 1607 2598; baseline 0.003 -16"><span class='ocrx_word' id='word_1_448' title='bbox 865 2544 968 2596; x_wconf 71' lang='lat' dir='ltr'>epist.</span> <span class='ocrx_word' id='word_1_449' title='bbox 985 2555 998 2584; x_wconf 86' lang='lat'>1</span> <span class='ocrx_word' id='word_1_450' title='bbox 1013 2555 1047 2594; x_wconf 76' lang='grc' dir='ltr'>ς.</span> <span class='ocrx_word' id='word_1_451' title='bbox 1069 2558 1137 2583; x_wconf 89' lang='lat' dir='ltr'>nec</span> <span class='ocrx_word' id='word_1_452' title='bbox 1156 2544 1305 2591; x_wconf 79' lang='lat' dir='ltr'>dubito,</span> <span class='ocrx_word' id='word_1_453' title='bbox 1324 2547 1419 2597; x_wconf 86' lang='lat' dir='ltr'>quin</span> <span class='ocrx_word' id='word_1_454' title='bbox 1440 2559 1521 2586; x_wconf 88' lang='lat' dir='ltr'>eam</span> <span class='ocrx_word' id='word_1_455' title='bbox 1545 2559 1607 2598; x_wconf 85' lang='lat' dir='ltr'>pe-</span> 
     </span>
     <span class='ocr_line' id='line_1_89' title="bbox 866 2601 1608 2655; baseline 0.001 -16"><span class='ocrx_word' id='word_1_456' title='bbox 866 2601 1016 2639; x_wconf 85' lang='lat' dir='ltr'>cuniam</span> <span class='ocrx_word' id='word_1_457' title='bbox 1036 2602 1216 2655; x_wconf 73' lang='lat' dir='ltr'>Pompeio</span> <span class='ocrx_word' id='word_1_458' title='bbox 1238 2601 1437 2642; x_wconf 83' lang='lat' dir='ltr'>mandante</span> <span class='ocrx_word' id='word_1_459' title='bbox 1458 2616 1608 2655; x_wconf 75' lang='lat' dir='ltr'>accepe-</span> 
     </span>
     <span class='ocr_line' id='line_1_90' title="bbox 865 2657 1603 2711; baseline 0.001 -15"><span class='ocrx_word' id='word_1_460' title='bbox 865 2659 929 2703; x_wconf 85' lang='lat' dir='ltr'>rit,</span> <span class='ocrx_word' id='word_1_461' title='bbox 947 2666 989 2696; x_wconf 82' lang='lat' dir='ltr'>vt</span> <span class='ocrx_word' id='word_1_462' title='bbox 1007 2670 1050 2697; x_wconf 86' lang='lat' dir='ltr'>ea</span> <span class='ocrx_word' id='word_1_463' title='bbox 1073 2658 1211 2697; x_wconf 79' lang='lat' dir='ltr'>deinde</span> <span class='ocrx_word' id='word_1_464' title='bbox 1230 2660 1270 2696; x_wconf 93' lang='lat' dir='ltr'>in</span> <span class='ocrx_word' id='word_1_465' title='bbox 1289 2657 1391 2697; x_wconf 74' lang='lat' dir='ltr'>bello</span> <span class='ocrx_word' id='word_1_466' title='bbox 1420 2674 1465 2698; x_wconf 84' lang='lat' dir='ltr'>ex</span> <span class='ocrx_word' id='word_1_467' title='bbox 1492 2661 1603 2711; x_wconf 75' lang='lat' dir='ltr'>ipfius</span> 
     </span>
     <span class='ocr_line' id='line_1_91' title="bbox 866 2712 1606 2765; baseline 0.001 -14"><span class='ocrx_word' id='word_1_468' title='bbox 866 2712 1079 2762; x_wconf 79' lang='lat' dir='ltr'>voiuntate,</span> <span class='ocrx_word' id='word_1_469' title='bbox 1102 2715 1140 2755; x_wconf 88' lang='lat' dir='ltr'>id</span> <span class='ocrx_word' id='word_1_470' title='bbox 1162 2717 1226 2765; x_wconf 76' lang='lat' dir='ltr'>est,</span> <span class='ocrx_word' id='word_1_471' title='bbox 1251 2726 1382 2757; x_wconf 84' lang='lat' dir='ltr'>contra</span> <span class='ocrx_word' id='word_1_472' title='bbox 1408 2715 1606 2759; x_wconf 72' lang='lat' dir='ltr'>Caesarem</span> 
     </span>
     <span class='ocr_line' id='line_1_92' title="bbox 867 2780 1051 2811; baseline 0 0"><span class='ocrx_word' id='word_1_473' title='bbox 867 2780 1051 2811; x_wconf 80' lang='lat' dir='ltr'>vteretur.</span> 
     </span>
    </p>

    <p class='ocr_par' dir='ltr' id='par_1_17' title="bbox 1538 2824 1613 2869">
     <span class='ocr_line' id='line_1_93' title="bbox 1538 2824 1613 2869; baseline -0.013 0"><span class='ocrx_word' id='word_1_474' title='bbox 1538 2824 1613 2869; x_wconf 75' lang='lat' dir='ltr'>Sed</span> 
     </span>
    </p>
   </div>
   <div class='ocr_carea' id='block_1_11' title="bbox 926 2829 1011 2882">
    <p class='ocr_par' dir='ltr' id='par_1_18' title="bbox 926 2829 1011 2882">
     <span class='ocr_line' id='line_1_94' title="bbox 926 2829 1011 2882; baseline 0 0"><span class='ocrx_word' id='word_1_475' title='bbox 926 2829 1011 2882; x_wconf 80' lang='lat'>24</span> 
     </span>
    </p>
   </div>
  </div>
 </body>
</html>
