1863 3172
152 56 226 127 ἰε
379 79 601 122 rivin
633 78 925 121 MANVTn
958 77 1493 121 COMMENTARIVS.

172 193 220 235 de
238 207 282 234 re
299 195 440 248 potius,
463 193 648 249 quamde
671 193 812 234 verbis.
841 193 910 231 ita-

172 266 248 306 que
266 252 362 290 hane
381 252 661 302 indiligentiam
687 265 767 290 non
786 248 909 288 solum

169 324 194 350 a
221 310 514 363 reprehenfione
550 308 738 356 vindicat,
773 321 908 347 verum

171 368 288 408 etiam
305 381 391 406 cum
413 365 540 420 aliqua
568 365 679 406 laude
710 365 909 413 coniungit

172 427 216 465 in
232 426 397 463 Oratore
430 439 459 463 c.
481 434 547 478 23.
592 424 731 470 Habet,
766 422 907 474 inquit,

171 482 244 524 ille
259 492 458 537 tamquam
474 480 601 536 hiatus
631 478 812 527 concurfit
845 490 908 516 vo·

169 539 313 581 catium
333 538 445 578 molle
464 535 655 592 quiddam,
675 546 714 575 et
733 531 835 587 quod
853 535 908 572 in-

173 594 278 637 dicet
300 609 374 635 non
398 596 594 648 ingratam
626 592 909 647 negligentiam,

171 652 222 695 de
237 650 291 700 re,
309 652 480 697 hominis,
492 650 611 702 magis
631 661 744 703 quam
762 648 808 685 de
825 658 909 684 ver-

164 701 245 754 bis,
262 708 487 750 laborantis.
516 708 558 744 Et
578 707 619 743 in
638 703 771 743 eodem
793 700 908 749 libro,

174 764 276 806 infra
304 778 333 802 e.
344 776 411 816 44.
468 760 589 818 ‚Quod
604 759 754 817 quidem
780 760 908 799 latina

161 823 307 877 'lingua
320 820 386 872 ſse
411 818 599 871 obstruat,
632 830 735 857 nemo
752 826 795 856 vt
826 825 910 855 tam

174 878 336 933 nfsticns
349 875 425 929 stt,
444 876 506 930 qui
526 875 673 914 vocales
702 873 799 913 nolit
827 885 909 912 con-

175 938 345 991 iungere.
431 933 478 972 111
503 945 576 986 quo
601 929 757 986 quidam
791 931 910 969 etiam

179 992 453 1043 Theopompum
485 985 787 1040 reprehendunt,
813 983 914 1041 quod

174 1064 239 1092 eas
259 1049 395 1088 literas
414 1056 525 1085 tanto
544 1041 806 1101 ope-refugerit
819 1059 832 1080 .·
861 1052 911 1104 gt-

171 1103 450 1162 [iidmagjster
469 1105 549 1142 eius
569 1101 765 1153 Isocrates.
782 1111 825 1139 at
839 1111 912 1138 non

179 1160 438 1214 Thucydides.-
464 1174 512 1199 ne
532 1160 600 1198 ille
616 1156 779 1214 quidem,
808 1153 914 1195 haud

169 1220 306 1277 paullo
324 1220 447 1258 maior
451 1216 637 1269 scriptor,
655 1214 777 1256 Plato.
791 1234 838 1243 —
864 1213 912 1251 In

170 1277 352 1332 populari
362 1275 544 1319 oratione,
555 1286 629 1328 qua
640 1285 716 1310 mos
735 1270 786 1325 ‘st
797 1268 913 1309 Athe-

176 1336 239 1375 nis
266 1331 427 1373 laudari
455 1331 497 1370 in
525 1331 698 1369 concione
725 1343 806 1374 eos,
846 1327 914 1382 qui

163 1391 256 1446 fi'nt
275 1392 316 1430 in
328 1389 486 1442 proeliis
505 1384 720 1438 interfeae‘ii:
745 1397 841 1440 quae
847 1381 915 1436 stc

170 1446 338 1502 probata
358 1445 419 1499 est,
438 1455 482 1485 vt
501 1456 586 1484 eam
612 1443 817 1498 quotannis
830 1469 843 1488 ,
871 1450 917 1480 vt

166 1506 263 1558 fiis,
285 1505 353 1544 illo
371 1501 434 1542 die
447 1502 608 1541 recitari
619 1496 750 1554 neceffe
756 1497 830 1551 fit.
869 1498 912 1536 in

179 1577 226 1604 ea
241 1561 294 1613 est
312 1558 447 1602 crebra
466 1558 539 1613 {sta
562 1570 692 1597 vocum
708 1552 911 1607 concursio,

178 1611 294 1675 quam
318 1629 456 1672 magna
487 1628 536 1655 ex
560 1624 691 1667 parte,
731 1623 776 1654 vt
802 1611 913 1652 vitio-

168 1677 274 1728 sam,
317 1675 425 1730 fugit
474 1670 745 1725 Demosthenes.
837 1666 917 1708 Sed

180 1733 325 1772 Graeci
348 1729 540 1779 viderint5
578 1726 694 1774 nohis,
721 1742 767 1768 ne
811 1740 826 1764 1
854 1739 914 1765 eu·

176 1792 330 1844 piamus
362 1785 536 1842 quidem,
565 1783 775 1841 distrahere
806 1795 914 1822 voces

107 1853 112 1856 ”
178 1844 405 1888 conceditur.
461 1847 563 1883 Haec
581 1840 668 1881 ille:
698 1843 766 1894 qui
786 1850 913 1879 tamen

180 1902 312 1959 paullo
336 1903 416 1956 post
435 1914 464 1940 c.
476 1913 542 1954 45.
565 1913 644 1939 non
679 1898 818 1938 debere
847 1894 912 1934 ad·

176 1959 339 2001 modum
365 1958 498 1997 crebro
529 1955 677 1997 vocales
715 1953 912 1995 vocalibus

178 2031 392 2063 occurrere,
413 2015 553 2055 indicat
579 2015 637 2054 his
656 2013 805 2052 verbis:
833 2012 913 2050 Hoc

176 2074 280 2115 idem
310 2073 426 2130 nostri
451 2071 606 2126 saepius
625 2084 699 2110 non
730 2063 913 2123 tultffi‘nt,

177 2130 280 2187 quod
299 2131 441 2170 Graeci
465 2128 631 2169 laudare
648 2129 764 2167 etiam
774 2125 914 2177 solent.

180 2187 326 2229 Gellius
348 2197 384 2226 ct
404 2188 443 2224 in
461 2186 584 2239 poetis
595 2186 668 2224 hoc
685 2183 824 2237 probat
846 2180 912 2221 lib.

177 2256 219 2299 7.
241 2258 271 2284 c.
285 2255 350 2286 10.
382 2244 510 2295 aitque
530 2242 679 2281 suauius
693 2239 765 2280 effe
776 2242 817 2279 in
829 2239 913 2278 Vir·

178 2300 291 2351 gilio:
336 2302 473 2341 Vicina
517 2299 655 2349 Veseuo
689 2297 774 2336 Ora
811 2297 912 2352 iugo,

181 2371 307 2411 quam,
332 2357 467 2396 Vicina
501 2357 638 2405 Veseuo
666 2355 773 2394 Nola
801 2353 913 2409 iugo:

176 2426 214 2454 et
242 2411 342 2468 apud
371 2410 583 2460 Catullum,
612 2410 770 2462 Ebriqfa
802 2411 914 2450 acino

180 2469 407 2524 ebriostoris.

187 2563 190 2565 ,
234 2529 388 2567 Didium
408 2528 458 2565 est
478 2525 524 2565 de
549 2524 751 2575 generibus
783 2523 918 2577 episto·

177 2582 322 2624 larum:
366 2583 503 2636 quibus
536 2582 798 2622 demonstratis
810 2609 828 2628 ,v
850 2579 918 2618 du·

174 2640 263 2694 plex
301 2641 466 2680 occurrit
504 2638 802 2685 animaduerfio‚
839 2637 918 2690 pri-

173 2711 294 2744 mum,
314 2710 413 2750 quae
431 2698 584 2750 vtrique
614 2697 683 2735 fint
714 2704 824 2748 aptae
851 2705 910 2742 ge-

174 2754 260 2796 neri
292 2752 523 2807 sententian
573 2751 725 2802 deinde,
754 2750 911 2807 quibus·

965 203 1053 229 nam
1070 188 1276 230 sententiae
1288 192 1415 231 verbis
1437 192 1701 232 enuncientur.

965 251 1019 287 Ac
1041 245 1142 293 licet,
1169 249 1238 286 nifi
1267 247 1394 297 fallor,
1425 248 1530 288 simul
1557 260 1702 289 vti-um-

965 317 1040 358 que
1083 303 1318 357 compleffi,
1351 315 1388 345 et
1429 307 1482 345 ita
1520 306 1705 346 definire:

964 358 1119 414 epistola
1148 360 1448 410 const‹etudinem
1467 363 1551 406 fere
1582 363 1704 417 quoti·

961 416 1267 466 dmnifirmonis
1277 416 1388 457 debet
1405 420 1556 458 imitari
1562 452 1565 455 .
1600 432 1704 467 nam,

962 474 1001 520 fi,
1031 470 1137 524 quod
1165 475 1266 511 inter
1295 472 1408 523 longe
1437 485 1607 516 remotos
1639 488 1703 514 ne·

962 542 1154 583 quaquam
1182 543 1259 569 vox
1289 541 1327 570 et
1358 529 1489 580 lingua
1516 533 1705 584 praestare

963 587 1099 640 potest,
1134 584 1174 625 id
1202 587 1309 625 bono
1336 585 1549 627 litterarum
1578 587 1707 627 conse-

964 644 1133 695 quimur,
1153 651 1195 682 vt
1216 644 1262 681 iis
1286 643 1490 693 de···rebus,
1519 658 1615 698 quae
1641 642 1707 686 vel

964 701 1111 747 nostra,
1155 698 1218 739 vel
1262 702 1474 741 amicorum
1519 703 1707 749 interfint,

965 757 1286 796 communicemus
1311 774 1332 810 :¹
1371 757 1547 812 profecio
1607 757 1705 798 nihil

965 812 1092 861 aliud,
1123 826 1236 866 quam
1265 815 1390 864 imago
1417 816 1600 869 quaedam
1631 814 1706 855 ser·

965 871 1105 917 ῐιιοῃίε,
1128 869 1280 909 videtur
1298 871 1463 924 epistola.
1501 872 1604 911 idem
1623 871 1705 912 sen·

965 928 1009 967 fit
1032 930 1215 966 Artemon
1235 925 1313 975 ille,
1334 931 1402 981 qui
1418 927 1607 982 descripsit
1624 930 1704 982 epi-

967 982 1078 1024 stolas
1098 983 1330 1023 Aristotelis:
1358 999 1472 1038 quem
1491 984 1620 1025 dixifl'e
1631 988 1706 1025 De·

967 1041 1123 1080 men-ius
1151 1042 1218 1087 ait,
1246 1053 1428 1094 oportere
1455 1042 1590 1084 eodem
1617 1041 1704 1083 stilo

967 1108 1005 1137 ct
1037 1096 1232 1146 dialogum
1263 1098 1399 1148 scribi,
1431 1109 1471 1140 et
1505 1098 1704 1154 epistolas:

963 1152 1036 1194 effe
1056 1155 1159 1193 enim
1171 1153 1363 1207 epistolam
1383 1154 1523 1206 dialogi
1544 1167 1705 1210 partem.

964 1213 1173 1251 Sententias
1195 1221 1319 1250 tamen
1341 1212 1532 1252 interdum
1555 1215 1705 1263 grauio-

965 1282 1048 1315 res,
1080 1281 1194 1321 quam
1227 1267 1422 1318 dialogus,
1452 1281 1490 1310 et
1518 1273 1706 1310 maiorem

967 1324 1191 1374 elegantiam
1209 1326 1376 1366 admittit
1403 1325 1586 1380 epistola3
1621 1341 1704 1366 non

966 1381 1084 1421 modo
1105 1383 1194 1435 quia
1215 1383 1352 1431 studio,
1372 1397 1537 1436 curaque
1556 1385 1704 1424 maiore

968 1438 1179 1486 scribimus,
1197 1452 1309 1492 quam
1325 1438 1547 1492 loquimur-3
1567 1454 1706 1480 verum
1763 1445 1766 1447 ’

968 1497 1094 1543 etiam,
1108 1497 1211 1549 quia,
1222 1510 1305 1536 cum
1323 1496 1370 1535 ad
1382 1498 1570 1551 principes
1583 1499 1705 1546 viros,

969 1564 1036 1592 aut
1057 1554 1170 1592 etiam
1188 1552 1236 1591 ad
1256 1555 1425 1593 ciuitates
1453 1552 1597 1594 litteras
1617 1556 1704 1594 mit·

969 1611 1098 1658 timus,
1119 1608 1223 1664 quod
1240 1610 1433 1651 interdum
1463 1613 1617 1651 euenire
1647 1610 1704 1651 so‘

969 1665 1034 1714 let,
1052 1666 1225 1707 habenda
1248 1669 1408 1708 omnino
1438 1667 1590 1708 videtur
1617 1681 1706 1722 per·

967 1723 1147 1771 sonarum
1166 1725 1289 1770 ratio;
1325 1736 1362 1765 et
1393 1727 1434 1764 in
1455 1739 1502 1765 eo
1529 1723 1706 1779 paullum

968 1780 1005 1820 se
1024 1779 1135 1820 tollat
1156 1780 1326 1836 epistolii,
1346 1796 1427 1821 non
1452 1783 1570 1822 modo
1601 1781 1704 1830 licet,

967 1852 1103 1878 verum
1129 1840 1243 1878 etiam
1271 1837 1414 1879 neceffe
1453 1841 1516 1879 est.
1572 1837 1704 1892 quale·

967 1896 1070 1934 enim
1090 1905 1265 1949 putemus
1279 1894 1388 1935 fuisse
1407 1894 1581 1950 epistolas
1603 1894 1703 1944 illas,

968 1952 1108 2005 quibus
1138 1954 1214 1992 viri
1241 1951 1486 2006 eloquentes,
1517 1963 1555 2004 qt
1585 1952 1703 2000 doffl,

967 2020 1081 2062 atque
1123 2008 1202 2063 ipse
1238 2011 1280 2050 in
1317 2011 1450 2063 primis
1483 2008 1702 2050 Aristotele·

969 2064 1225 2106 Alexandrum
1269 2069 1473 2117 Magnum,
1512 2066 1705 2106 incensum

968 2121 1175 2176 cupiditate
1209 2124 1418 2164 veriffimae
1446 2122 1614 2174 gloriae,
1643 2137 1706 2163 co·
1770 2173 1776 2177 ,

967 2179 1194 2219 hortabatur
1219 2179 1266 2219 ad
1297 2180 1436 2220 decus?
1482 2181 1560 2220 iam
1592 2194 1703 2228 vero,

967 2250 1066 2290 quae
1085 2234 1532 2286 legunturDemosthenis
1552 2237 1599 2276 ad
1619 2237 1703 2276 Phi-

967 2292 1114 2347 lippum
1127 2323 1139 2341 ,
1183 2293 1324 2334 habere
1343 2307 1404 2332 eas
1426 2292 1607 2347 quiddam
1627 2307 1706 2333 am·

966 2348 1086 2405 plum,
1105 2347 1296 2404 longeque
1314 2350 1447 2390 distare
1469 2364 1491 2389 a
1509 2351 1707 2390 communi

970 2406 1158 2454 sermone,
1177 2409 1308 2457 negari
1336 2421 1414 2446 non
1434 2409 1566 2460 potest.
1621 2410 1706 2448 Nee

970 2462 1104 2503 desunt
1122 2464 1318 2503 Ciceronis
1327 2466 1367 2503 in
1377 2464 1449 2503 hoc
1460 2478 1597 2514 genere
1609 2477 1706 2503 non-

969 2518 1171 2570 nullae,1vt
1192 2519 1257 2560 illa
1276 2520 1323 2559 ad
1346 2523 1544 2560 Lucceium
1574 2519 1639 2562 lib.
1665 2531 1705 2573 ς.

974 2588 1038 2620 12.
1067 2575 1115 2616 de
1138 2575 1199 2616 sui
1226 2575 1440 2616 consulatus
1468 2577 1623 2617 historia
1650 2575 1706 2615 se-

970 2634 1131 2688 paratim
1171 2634 1454 2688 componenda5
1498 2643 1536 2673 et
1559 2631 1625 2673 illa
1653 2630 1704 2672 ad

969 2688 1210 2737 Dolabellam
1234 2689 1301 2732 lib.
1314 2702 1352 2743 9.
1375 2701 1440 2744 14.
1467 2699 1563 2745 qua
1593 2691 1629 2730 ei
1654 2688 1706 2730 de

965 2746 1114 2791 sublata
1132 2747 1332 2801 columna,
1361 2756 1400 2791 et
1428 2748 1499 2799 iis‘,
1526 2747 1593 2846 qai
1620 2759 1706 2846 ega:

1586 2816 1630 2846 80
1669 2816 1688 2847 δ’
