1863 3172
286 58 358 98 IN
386 58 500 98 CIC.
537 56 729 96 EPIST.
767 56 900 96 FAM.
939 53 1050 99 LIB.
1069 55 1120 93 11.
1155 53 1475 94 {spismxvn

110 170 288 218 mansisse,
312 181 390 210 vta
411 169 556 208 denarii
591 168 762 223 pondere
788 169 845 207 ni-

106 231 163 273 hil
193 228 373 270 differret.
411 225 500 265 ideo
533 224 671 279 scripsit
703 225 844 264 Plinius

107 288 174 330 lib.
196 300 245 329 21
292 299 322 323 c.
348 282 414 324 vlt*
473 283 673 322 Drachm
707 285 844 322 Attica

109 343 263 388 denarii
318 345 493 398 argentei
535 340 645 379 lubet
685 338 841 391 pondus,

105 399 187 443 fere
203 400 303 438 enim
324 401 441 438 Attica
473 395 740 436 obseruatione
770 409 845 433 me-

108 456 181 498 dici
198 466 367 496 Vtuntur.
424 454 538 503 Quod
557 455 580 492 si
600 456 650 492 ita
674 453 746 491 est:
776 453 843 490 mi·

105 516 183 555 rari
202 527 280 552 non
305 511 388 551 satis
412 510 650 577 gossimncur
670 519 705 547 et
717 512 841 546 Varro

102 570 204 626 apud
226 569 402 614 Plinium,
437 579 472 607 ct
493 569 629 613 Festus,
651 576 687 604 et
710 563 841 603 Pollux

103 629 151 669 de
171 630 302 683 priore
323 626 510 670 drachma,
531 623 631 677 quali
662 623 782 660 adhuc
801 624 842 660 in

103 696 260 727 moneta
300 687 434 729 etiam,
471 690 548 718 no‘n
587 682 627 718 in
656 679 842 718 medicina

103 754 265 789 tantum,
290 738 576 782 obseram-etur,
607 738 659 776 ita
684 734 842 789 loquan-

104 811 180 847 tur,
202 810 392 851 tamquam
426 793 607 833 Solonina
637 791 843 832 obsolenis-

105 856 171 898 set.
215 856 407 896 aestimant
435 854 537 890 enim
568 849 751 889 talentum
782 849 843 888 sex

104 911 273 954 millibus
310 910 519 949 denarium.
575 921 649 960 qua
679 909 847 946 aestima-

105 972 212 1011 tione
235 968 434 1006 denarium
465 965 663 1004 draclunae
692 963 846 1018 respon-

105 1026 195 1067 dere
215 1023 451 1079 perspicuum
473 1024 534 1061 est.
573 1024 677 1074 quod
705 1019 847 1061 refellit

102 1084 209 1127 Liuii
240 1081 345 1121 locus
375 1079 485 1133 supra
518 1082 707 1118 recitatus.
767 1081 846 1118 Hu-

105 1143 165 1182 ius
207 1136 449 1193 explicandae
489 1137 720 1189 quaestionis
747 1149 847 1180 ,non

106 1196 284 1252 equidem
307 1196 496 1235 rationem
518 1192 633 1232 vllam
663 1194 847 1232 inuenio:

106 1268 232 1308 neque
256 1267 316 1292 me
338 1250 399 1291 vel
418 1250 557 1290 Budaei
580 1251 767 1296 d0&rina,
790 1247 850 1288 vel

112 1309 309 1361 Agricolae
347 1308 566 1357 diligentia,
596 1305 658 1345 vel
688 1308 849 1345 omnino

108 1370 333 1421 cuiusquam
354 1364 445 1404 libri
464 1367 609 1404 iuuant.
639 1378 717 1402 non
746 1365 849 1402 enim

105 1425 295 1467 affirmare
329 1423 467 1468 ausim,
511 1421 615 1475 quod
655 1420 850 1459 interdum

110 1483 289 1532 cogitaui,
312 1482 350 1521 L.
373 1478 527 1525 Sullam,
540 1479 656 1532 captis
679 1477 850 1525 Athenis,

109 1535 224 1591 leget,
247 1549 284 1577 et
302 1537 482 1582 instituta,
518 1534 701 1587 simulque
724 1533 851 1574 drach-

109 1610 212 1638 mam
243 1609 265 1633 a
294 1593 436 1632 Solone
466 1592 681 1638 induetam,
715 1594 852 1631 immu-

111 1652 222 1694 tasse:
251 1665 336 1691 cum
357 1650 393 1688 id
414 1663 539 1702 neque
563 1649 764 1697 Plutarchi,
785 1661 854 1687 nec

111 1712 271 1752 omnino
291 1709 514 1760 cuiusquain
534 1708 682 1759 antiqui
700 1705 854 1758 scripto-

67 1775 72 1778 '
111 1770 164 1810 ris
182 1766 399 1806 testimonio
422 1764 706 1816 comprobetur.
735 1776 854 1816 quare

112 1821 329 1878 scrupulum
358 1819 511 1868 saltem,
557 1822 625 1874 qui
647 1834 708 1859 me
735 1820 854 1869 angit,

113 1879 379 1922 occultandum
415 1892 493 1916 non
525 1878 680 1930 putaui3
726 1888 768 1916 vt
790 1877 852 1915 ha-

113 1941 249 1980 herent
267 1935 344 1983 alii,
364 1949 442 1988 quo
462 1936 659 1984 ingenium
682 1933 852 1974 intende·

115 2007 221 2043 rent;
265 2007 349 2032 cum
380 1991 470 2046 ipse,
501 2003 685 2045 quantum
706 2005 766 2030 res
785 2005 852 2045 po-

115 2052 239 2099 stulat,
259 2051 445 2105 praestare
481 2062 560 2087 non
583 2046 737 2102 poffem.
797 2050 855 2088 De

116 2111 218 2150 mina
239 2121 348 2154 vero,
373 2105 454 2159 *flue
480 2104 544 2144 illa
570 2107 748 2159 antiqua,
779 2106 855 2146 flue

116 2168 340 2222 posteriore,
369 2177 390 2202 a
411 2160 552 2202 Solone
578 2162 754 2210 inducta,
783 2163 856 2202 hoc
878 2212 883 2214 ‚

117 2222 276 2278 amplius
308 2221 490 2266 dixerim,
535 2230 708 2259 neutram
736 2218 858 2258 librae

118 2279 312 2320 Romanae
331 2274 527 2330 aequalem
547 2291 622 2330 pon
632 2277 716 2316 iere
736 2274 856 2316 fuisse.

119 2339 275 2390 antiqua
296 2338 397 2375 enim
419 2335 586 2383 grauior,
597 2335 787 2386 posterior
804 2333 856 2372 le·

122 2396 222 2441 vior‚
242 2406 355 2446 quam
386 2390 495 2438 libra,
524 2390 609 2429 fuit.
649 2392 855 2444 probemus

121 2463 339 2502 Vtrumque.
395 2451 439 2486 In
454 2446 604 2487 Solonis
624 2449 725 2485 mina
747 2447 856 2487 dena·

98 2519 102 2522 ·
123 2511 202 2550 rios
215 2519 360 2546 tant-„nn
376 2503 484 2544 fuiss'e
504 2504 733 2557 septuaginta
748 2504 858 2552 duos,

123 2580 205 2605 oum
240 2563 285 2602 de
330 2562 605 2602 tetradi-achaio
648 2575 859 2609 ageremus,

122 2621 362 2663 ostendimus
392 2630 431 2657 at
450 2621 489 2657 in
503 2617 598 2657 libra
612 2621 780 2656 Romana
798 2618 858 2657 de-

124 2681 251 2718 narios-
279 2677 492 2724 oc‘tuaginta
516 2686 697 2727 quattuor
718 2675 858 2713 Piinius

126 2747 163 2778 et
182 2733 308 2774 Celsus
340 2743 500 2787 ponunt.
521 2730 605 2770 sunt
622 2734 739 2782 igitur
755 2734 796 2772 in
817 2731 860 2771 li-

1563 62 1642 105 197

902 168 970 206 bra
989 169 1158 207 Romana
1182 165 1382 207 duodecim
1400 164 1546 205 denarii
1559 162 1641 218 plu·

902 238 975 271 res,
998 239 1113 277 quam
1130 226 1170 264 in
1196 226 1298 263 mina
1319 221 1512 262 Solonina.
1534 218 1640 274 quod

902 281 1002 320 idem
1021 284 1084 329 est,
1105 296 1146 321 ac
1167 283 1190 321 fi
1211 282 1330 320 dicas:
1366 279 1465 319 libra
1492 276 1640 332 superat

903 337 1074 390 pondere
1113 341 1255 378 minam
1282 336 1504 377 Soloninam
1532 333 1639 388 septi—

900 408 960 433 ma
989 394 1042 433 sui
1067 407 1186 449 parte,
1206 395 1303 434 sexta
1323 392 1544 434 Soloninae.
1595 393 1641 430 In

899 451 1076 491 drachma
1107 466 1203 491 vero
1245 453 1403 504 antiqua
1430 452 1455 490 si
1488 459 1643 490 tantun·

899 508 984 547 dcm
1008 510 1058 548 est
1084 507 1280 562 ponderiS,
1302 518 1485 561 quantum
1515 507 1556 547 in
1579 504 1642 545 de-

898 568 1033 609 nario3
1066 565 1172 618 quod
1210 567 1285 603 iam
1324 566 1529 617 probatum
1570 562 1639 601 est:

897 623 1081 675 sequitur,
1106 633 1159 669 vt,
1169 620 1491 675 quemadmodum
1514 619 1643 660 drach-

898 695 981 720 mae
1002 679 1087 719 sunt
1111 681 1152 718 in
1187 681 1290 717 mina
1330 679 1536 727 nonaginta
1566 675 1642 724 seit,

898 741 989 777 item
1014 737 1163 776 denarii
1179 735 1343 776 totidem
1374 737 1416 774 in
1445 733 1543 774 libra
1562 733 1642 771 sint.

898 794 1003 848 quod
1031 792 1166 833 falsum
1195 794 1257 832 est.
1294 791 1402 831 fuere
1432 793 1534 831 enim
1562 801 1643 829 tan·

898 864 980 892 tum
999 853 1218 900 octuaginta
1237 860 1431 904 quattuor.
1459 850 1511 888 ita
1531 848 1588 894 fit,
1602 854 1643 884 vt

901 909 999 949 libra
1044 908 1216 962 pondere
1265 905 1464 961 superetur
1493 919 1514 944 a
1542 904 1646 944 mina

903 968 1060 1019 antiqua
1082 964 1237 1019 septima
1255 962 1312 1003 sui
1333 974 1460 1017 parte,
1506 963 1643 1002 oetaua

903 1037 999 1063 vero
1019 1024 1157 1063 minae.
1190 1019 1401 1062 Verisimile
1423 1030 1549 1060 autem
1583 1016 1647 1063 est,

903 1079 1040 1120 libram
1064 1081 1287 1126 Romanam,
1321 1074 1647 1131 quemadmodum

903 1138 952 1178 ab
975 1139 1094 1177 Attica
1116 1148 1279 1189 vtraque
1303 1137 1406 1180 mina
1426 1132 1566 1180 differt,
1599 1131 1645 1169 fic

905 1195 1094 1235 Euboicae
1122 1192 1372 1248 respondere:
1407 1193 1498 1245 quia
1521 1189 1648 1228 maior

906 1251 1120 1299 Africanus,
1146 1265 1230 1289 cum
1256 1249 1446 1289 Antiocho
1474 1249 1555 1297 regi
1583 1246 1649 1283 tri·

905 1310 991 1349 buti
1020 1307 1119 1358 leges
1144 1309 1383 1361 imponeret,
1411 1303 1551 1345 talenta
1577 1305 1646 1341 Eu·

906 1367 1016 1415 boica
1036 1363 1290 1419 praescripsit3
1320 1363 1421 1416 quasi
1440 1359 1552 1408 nihil,
1582 1367 1648 1397 aut

907 1434 1008 1463 certe
1035 1436 1170 1476 parum
1197 1422 1365 1460 Euboica
1389 1421 1494 1459 mina
1524 1415 1652 1456 differ-

907 1491 966 1520 ret
985 1493 1005 1518 ε
1029 1479 1125 1519 libra
1146 1481 1328 1518 Romana.
1372 1474 1648 1515 Concludimus

905 1539 1023 1588 igitur
1041 1537 1098 1576 fic.
1127 1535 1228 1576 0610
1247 1533 1446 1572 drachmae
1471 1533 1650 1583 antiquae

909 1596 1051 1635 Atticae
1070 1590 1246 1646 aequales
1265 1589 1437 1645 pondere
1455 1587 1541 1628 sunt
1559 1589 1650 1627 οὲὶο

909 1652 1095 1695 denariis;
1133 1650 1226 1690 0610
1258 1646 1478 1694 Soloninae,
1507 1644 1567 1685 sex
1587 1643 1654 1688 de—

909 1709 1047 1748 nariis:
1071 1707 1159 1746 0610
1177 1706 1388 1752 Euboicae,
1419 1702 1560 1756 septem
1590 1701 1652 1742 de-

910 1767 1039 1805 nariis.
1099 1765 1226 1809 Nunc,
1247 1772 1288 1802 vt
1316 1758 1412 1801 nihil
1435 1762 1651 1807 omittatur,

910 1821 1017 1876 quod
1035 1819 1082 1860 ad
1103 1819 1366 1860 drachmarum
1389 1818 1651 1868 cognitionem

910 1881 1110 1934 pertineat,
1130 1890 1265 1916 omnes
1284 1876 1459 1929 omnium
1470 1875 1653 1924 ,gentium

908 1936 1199 1981 aestimabimus,
1220 1934 1386 1989 apposita
1404 1941 1558 1972 moneta
1579 1933 1654 1970 Ro·

909 2007 1034 2040 mana,
1065 1993 1234 2046 primum
1261 2000 1403 2041 vetere,
1430 1986 1567 2029 deinde
1595 2001 1651 2029 re·

910 2062 1094 2092 centiore.

966 2163 1154 2208 Drachma
1182 2162 1314 2208 Attica,
1344 2169 1432 2200 ante
1461 2157 1656 2208 Solonem,

1025 2220 1195 2262 eiusdem
1237 2217 1312 2258 fuit
1354 2231 1440 2257 cum
1492 2216 1655 2256 denario

1022 2276 1218 2334 ponderis,
1239 2286 1276 2315 et
1298 2272 1420 2315 valuit
1441 2271 1530 2314 affes
1554 2273 1653 2314 sede·

1025 2337 1113 2382 cim,
1135 2334 1174 2373 id
1199 2333 1264 2380 est,
1290 2330 1490 2372 denarium
1519 2345 1652 2374 vnum.

1026 2391 1169 2444 loquor
1196 2391 1297 2429 enim
1327 2388 1374 2428 de
1405 2386 1563 2428 denario
1588 2401 1656 2442 po-

1023 2450 1194 2490 steriore.
1217 2446 1264 2485 ad
1291 2445 1448 2485 sedecim
1468 2443 1558 2486 affes
1591 2460 1656 2485 au-

1024 2507 1100 2552 eto,
1120 2502 1223 2544 bello
1246 2504 1387 2542 Punico
1407 2501 1582 2542 secundo.
1604 2500 1658 2541 as-

1025 2562 1079 2601 ses
1101 2576 1195 2601 vero
1215 2559 1388 2606 sedecim,
1413 2560 1560 2599 baiocci
1582 2563 1655 2602 Ro·

1026 2621 1130 2659 mani
1160 2618 1243 2657 sunt
1272 2616 1495 2663 duodecim,
1531 2626 1567 2655 et
1595 2616 1656 2657 sex

1026 2675 1206 2731 septimae
1246 2673 1400 2715 alterius
1424 2673 1582 2713 baiocci·

972 2791 1011 2829 N
1041 2799 1063 2842 3
1422 2799 1427 2801 ⁷
1470 2787 1656 2827 Drachmo
