1863 3172
334 85 407 128 ΙΝ
433 85 549 129 CIC.
577 86 770 130 eris'r.
800 86 937 130 ΕΔΜ.
966 85 1128 128 L1}.1.
1167 84 1413 129 EPISTJ.

104 197 167 241 ιδ,
186 198 450 241 inuentionem
470 201 710 256 patefaceret,
740 204 848 244 inue-

484 263 609 314 Atque
626 263 667 300 in
687 261 759 300 hoe
769 275 846 302 me·

104 259 189 297 nire
215 259 425 311 cupiebam.

103 313 249 353 ditandi
270 314 392 354 studio
404 330 488 355 cuin
509 317 844 372 occurrissentplu-

101 372 212 419 rima,
251 384 373 425 eaque
418 372 626 414 admodum
670 374 842 421 dinei-su

13 416 15 423 ἲ
35 452 37 456 ⁴
101 427 254 468 tandem
277 427 497 484 aliquando,
518 430 682 486 inspefiia
696 434 757 471 rei
779 447 840 473 cu-

98 485 235 539 iusque
263 497 420 535 natura,
449 499 564 541 atque
584 490 646 536 vi,
683 488 730 528 ad
759 488 838 529 duo

100 542 287 597 quaedam
300 546 420 599 capita
441 544 575 584 referri
586 544 690 598 posse
709 548 839 586 omnia

102 599 224 640 visum
245 601 318 640 est:
346 615 511 654 quorum
534 601 695 642 alterum
723 617 838 654 graue
857 619 866 625 *

99 656 231 705 ἤθικόν,
260 657 421 698 alterum
457 659 702 706 πραγματικδν
727 675 837 700 voca-

99 724 176 762 tur,
198 727 268 754 nos
284 715 430 754 morale
449 724 487 755 et
506 718 695 768 negotiale
712 716 836 771 possu-

98 784 183 810 mus
232 770 431 825 appellare.
502 775 675 812 omnium
731 776 834 815 enim

98 826 339 881 epistolarum
359 840 578 878 argumenta
596 829 657 869 vel
683 844 703 869 a
721 845 835 882 nego·

96 886 167 931 tio,
186 883 248 924 vel
267 886 315 924 ab
335 885 474 932 officio,
493 897 686 941 tamquam
703 902 722 927 a
739 888 834 929 duo-

94 942 166 982 bus
188 940 374 990 fontibus,
396 942 646 985 deducuntur.
709 946 832 1003 Nego-

93 998 221 1046 eiales,
247 1013 323 1052 quo
350 1013 408 1038 res
430 1000 469 1038 in
487 1002 580 1041 statu
601 1003 656 1051 fit,
674 1003 749 1041 siue
763 1018 830 1042 no·

94 1055 186 1103 stra,
215 1055 290 1095 siue
307 1054 452 1104 aliena,
473 1059 547 1097 flue
574 1060 732 1113 priuata,
756 1062 831 1100 flue

92 1110 256 1167 publica,
265 1113 450 1162 significan
456 1124 480 1155 t.
494 1129 574 1163 nec,
586 1117 610 1154 fl
621 1130 719 1169 quae
733 1116 830 1165 sunt,

92 1171 133 1209 in
154 1170 291 1222 quibus
313 1169 440 1223 aliqua
469 1171 514 1211 de
542 1187 584 1212 re
606 1172 831 1227 disputatur,

89 1225 140 1265 ab
165 1227 240 1266 hoc
263 1240 401 1277 genere
432 1228 619 1279 disiungo.
659 1232 828 1271 nostruin

88 1284 192 1323 enim
213 1287 408 1333 negotium
420 1285 574 1325 videtur
589 1286 674 1335 effe,
689 1289 712 1325 fi
724 1287 827 1328 vltro

91 1339 311 1386 scribimus
368 1340 555 1390 aliorum,
602 1345 627 1382 fi
690 1347 827 1395 rogati.

91 1410 324 1450 quamquam
354 1397 625 1452 disputationes
653 1412 827 1442 remouet

87 1456 136 1495 ab
175 1453 332 1508 epistola
366 1455 527 1510 scriptor
558 1459 729 1508 egregius
755 1461 827 1498 De-

84 1514 257 1560 metrius,
279 1522 317 1551 at
334 1526 414 1551 non
427 1515 575 1553 Latini:
603 1528 689 1553 nam
700 1520 825 1555 Varro

85 1570 321 1623 quaestiones
349 1568 484 1609 multas
515 1570 681 1625 epistolis
707 1572 825 1626 expli·

83 1627 198 1672 cauit,
220 1638 262 1665 vt
273 1624 430 1674 Gellius,
445 1629 653 1668 etCarisius
666 1627 824 1670 docent:

82 1691 122 1722 et
143 1680 296 1731 Valgius
319 1683 452 1731 Rufus,
477 1694 519 1724 vt
541 1683 642 1724 idem
659 1687 821 1726 Carisius

83 1738 258 1786 ostendit,
285 1738 424 1794 scripsit
445 1740 492 1780 de
511 1743 626 1781 rebus
649 1756 720 1796 per
744 1745 822 1797 epi-

81 1794 213 1836 stolam
233 1798 419 1850 quaesitis.
456 1798 634 1840 Morales
653 1799 822 1841 officium

79 1854 222 1907 potius,
248 1866 363 1908 quam
381 1857 592 1905 negotium,
612 1858 822 1898 continent.

83 1909 190 1964 quod
209 1923 327 1960 genus
359 1909 434 1951 late
450 1922 565 1967 patet.
603 1914 693 1953 hinc
717 1917 820 1954 enim

82 1977 293 2017 emergunt,
316 1982 577 2022 quaecumque
605 1981 671 2010 aut
688 1970 821 2012 huma·

77 2024 223 2072 nitatis,
241 2034 306 2064 aut
323 2025 626 2075 beneuolentiae,
657 2038 722 2067 aut
749 2027 817 2068 ali-

78 2082 185 2120 cuius
214 2083 374 2121 omnino
399 2084 550 2123 virtutis
576 2083 743 2138 aliquam
774 2087 817 2126 fi-

77 2139 358 2191 gnificationem
374 2140 536 2184 habent3
565 2152 607 2181 vt
627 2154 816 2182 commen-

77 2190 249 2242 daticiae,
270 2208 308 2234 et
320 2195 606 2246 consolatoriae,
619 2196 815 2248 laetitiam,

75 2260 142 2291 aut
164 2250 337 2291 dolorem
362 2254 583 2302 indicantes,
610 2254 817 2295 admonen-

77 2316 161 2355 tes„
182 2309 390 2357 hortantes,
434 2322 657 2363 querentes,
684 2313 814 2353 obiur-

76 2374 221 2415 ganta,
243 2368 379 2415 gratias
401 2378 568 2416 agentes,
590 2379 639 2417 et,
654 2380 697 2408 vt
718 2369 814 2408 sum-

76 2423 208 2461 marim
229 2421 469 2476 complectar,
501 2439 597 2478 quae
616 2428 813 2466 materiam

73 2491 98 2517 a
124 2480 281 2528 negotio
303 2493 382 2519 non
407 2480 570 2522 sumunt.
627 2484 812 2523 Tertium

73 2534 269 2589 quoddam
300 2549 431 2586 genus,
466 2552 511 2578 ex
546 2548 710 2594 vtroque
741 2543 812 2579 mi-

74 2593 185 2640 stum,
206 2594 367 2646 reperiri
385 2608 464 2633 non
485 2598 725 2645 negauerim:
747 2595 809 2636 sed

71 2649 147 2688 hoc
165 2658 207 2690 vt
239 2647 448 2703 aequaliter
471 2666 516 2692 ex
535 2663 700 2711 vtroque
720 2667 809 2693 eon-

70 2706 153 2753 flet‚
172 2704 211 2744 id
228 2706 292 2754 est,
311 2717 353 2747 vt
373 2721 439 2747 eae
457 2709 612 2758 caussae,
631 2724 732 2765 quae
757 2709 806 2750 ad

68 2759 309 2802 scribendum
328 2763 532 2814 adduxere,
540 2780 674 2816 graues
682 2780 805 2821 aeque

67 2819 150 2869 fint,
169 2833 238 2859 nec
254 2819 417 2862 morale·
440 2824 710 2876 negotialibm,
736 2835 807 2867 aut

1587 97 1640 145 ¹³

903 201 1112 251 negotiales
1157 199 1369 241 moralibus
1416 203 1641 254 vincantur,

902 272 1086 313 perquam
1108 272 1196 298 raro
1210 256 1306 299 solet
1323 261 1492 300 euenire.
1529 262 1638 314 quod

900 316 925 354 fi
944 316 1103 363 morale,
1130 325 1194 355 aut
1213 315 1402 366 negotiale
1420 319 1461 356 in
1478 318 1636 372 epistola

899 374 1006 413 mista
1036 371 1211 416 excellet3
1252 374 1382 428 (quod
1412 386 1561 424 autem,
1594 387 1637 418 vt

899 443 941 468 ea
957 429 1198 477 scriberetur,
1224 431 1485 472 vehementius
1510 435 1634 487 impu-

896 483 953 534 lit,
970 487 1010 526 id
1029 486 1115 526 dico
1131 484 1342 539 excellere)
1359 490 1443 541 quis
1470 490 1635 540 dubitet,

896 544 1003 596 quin,
1023 558 1120 598 quae
1131 558 1189 582 res
1200 543 1241 582 in
1262 557 1303 583 ea
1317 542 1400 599 plus
1411 547 1526 586 habet
1534 561 1631 602 pon·

895 601 1019 648 deris,
1051 601 1183 641 eadem
1220 601 1255 639 ei
1292 614 1433 642 nomen
1463 605 1634 645 tribuat?

894 660 987 697 Non
1009 660 1110 698 enim
1127 661 1168 697 in
1187 658 1402 706 affignando
1415 673 1553 710 genere
1565 661 1630 702 vel

892 725 1016 768 partes
1037 715 1293 756 numerandae
1308 715 1404 764 sunt,
1427 715 1489 756 vel
1508 716 1631 768 longi·

890 771 1032 811 tudinis
1053 771 1224 814 habenda
1244 775 1344 813 ratio
1365 775 1427 813 est.
1475 774 1630 829 possunt

889 828 963 868 effe
989 828 1116 883 plures
1151 828 1313 869 morales
1344 841 1483 884 parteS,
1514 845 1631 885 quam

888 886 1119 935 negotiales;
1154 896 1233 935 aut,
1268 888 1293 925 fi
1315 889 1513 940 pauciores
1543 891 1629 938 sint,

889 941 951 983 vel
975 958 1049 983 vna
1069 943 1142 983 esse
1171 941 1337 994 longior,
1365 958 1481 998 quam
1511 960 1628 996 nego·

887 998 994 1040 tiales
1017 1015 1173 1041 omnes:
1214 1015 1284 1040 nec
1313 1011 1439 1041 tamen
1467 1001 1515 1042 ad
1543 1018 1626 1043 mo-

887 1056 966 1096 rale
978 1070 1095 1107 genus
1109 1056 1264 1112 epistola
1288 1059 1508 1112 pertinebit.
1543 1073 1625 1114 quo

886 1115 1003 1162 enim,
1024 1125 1064 1154 vt
1080 1117 1155 1154 iam
1174 1113 1266 1164 dixi,
1288 1117 1489 1170 praecipue
1508 1117 1626 1158 addu-

887 1174 1009 1211 cimur
1030 1171 1076 1211 ad
1099 1171 1351 1220 scribendum,
1371 1172 1411 1211 id
1429 1174 1504 1213 fiue
1529 1174 1627 1215 mul·

886 1230 947 1275 tis,
976 1230 1051 1268 fiue
1079 1230 1208 1283 paucis
1240 1230 1367 1269 verbis
1396 1242 1624 1284 exponatur,

885 1285 1057 1339 epistolas
1084 1285 1174 1326 facit
1204 1294 1272 1326 aut
1298 1286 1530 1338 negotiales,
1555 1300 1623 1330 aut

883 1341 1059 1382 morales.
1144 1346 1197 1382 Ac
1220 1344 1385 1384 morales·
1404 1343 1558 1398 quidem
1578 1348 1621 1386 in

883 1398 1038 1452 simplici
1057 1397 1284 1454 plerumque
1299 1400 1496 1440 versantur
1511 1416 1622 1453 argu-

881 1466 1034 1502 mento;
1075 1456 1227 1510 suisque
1246 1457 1348 1510 quasi
1366 1459 1506 1498 tinibus
1533 1474 1622 1500 con·

881 1522 1006 1552 tentae
1035 1512 1265 1564 negotialem
1300 1516 1501 1555 materiam
1536 1530 1619 1557 non

878 1572 1090 1620 attingunt:
1119 1571 1326 1624 negotiales
1361 1582 1507 1621 contra,
1535 1588 1617 1614 non

877 1627 967 1680 quia
997 1626 1141 1668 neceffe
1168 1628 1233 1675 fit,
1254 1625 1317 1666 sed
1351 1631 1443 1682 quia
1471 1629 1617 1680 deceat,

876 1682 1022 1723 morale
1067 1683 1176 1738 saepe
1217 1681 1365 1738 aliquid
1412 1686 1613 1730 assumunt.

877 1740 1027 1780 Possum
1047 1742 1213 1795 probare
1243 1740 1436 1796 exemplis,
1463 1744 1613 1798 pofl‘unt

875 1799 1102 1850 auctoritate
1119 1811 1266 1845 eorum,
1287 1800 1353 1852 qui
1372 1799 1419 1840 de
1442 1801 1611 1856 epistolis

876 1865 1077 1908 praecepta
1121 1853 1380 1896 tradiderunt:
1421 1856 1484 1898 sed
1529 1859 1609 1913 ipsa

874 1925 1030 1965 quoque
1048 1913 1088 1950 in
1108 1921 1289 1965 promptu
1310 1915 1409 1953 ratio
1420 1916 1483 1954 est.
1520 1919 1608 1970 quiz

874 1970 988 2016 enim,
1006 1983 1088 2008 cum
1108 1967 1244 2016 scribit,
1258 1970 1362 2022 quod
1384 1970 1444 2010 vel
1457 1971 1534 2021 sua,
1543 1973 1607 2013 vel

873 2028 966 2073 eius,
986 2024 1032 2064 ad
1052 2039 1165 2078 quem
1197 2024 1334 2074 scribit,
1354 2029 1509 2074 interfit,
1537 2029 1605 2069 ali-

871 2095 986 2135 quam
1005 2084 1061 2121 rei
1085 2082 1334 2137 perficiendae
1361 2085 1605 2139 cupiditatem

871 2153 952 2178 non
972 2141 1151 2192 exponit?
1178 2141 1262 2192 quis
1281 2140 1327 2179 ad
1349 2155 1406 2188 ea,
1428 2156 1527 2196 quae
1546 2158 1604 2184 re·

871 2197 978 2242 stant,
1006 2210 1147 2243 curam,
1190 2207 1229 2236 et
1262 2196 1493 2246 diligentiam
1523 2214 1605 2241 non

870 2251 1097 2306 pollicetur?
1127 2254 1210 2306 quis
1231 2265 1308 2299 aut,
1336 2255 1512 2297 eonfeE'to
1542 2272 1605 2297 re·

867 2312 988 2359 gotio,
1010 2324 1087 2348 non
1105 2308 1278 2358 laetatur,
1297 2323 1372 2359 aut,
1395 2311 1612 2368 desperatO,

869 2380 948 2404 non
984 2365 1110 2410 dolet!
1153 2381 1250 2419 quae
1277 2369 1471 2409 interdum
1508 2373 1607 2420 grati

869 2425 1000 2469 animi,
1016 2424 1262 2463 humanitatis
1285 2425 1439 2478 quidem
1458 2426 1607 2483 semper

867 2481 966 2528 signa
986 2478 1081 2519 sunt.
1135 2482 1302 2520 Moueor
1319 2484 1431 2521 etiam
1454 2499 1533 2523 non
1553 2484 1605 2525 le-

866 2537 966 2576 viter
985 2536 1212 2576 autam-itate
1232 2540 1430 2587 Demetrii,
1450 2540 1607 2595 scripto-

866 2595 919 2632 ris
964 2595 1128 2632 accurati
1164 2595 1205 2632 in
1240 2597 1389 2648 primis,
1423 2608 1460 2637 et
1487 2597 1604 2638 doffl.

863 2647 1030 2698 Πλεῖςον,
1039 2652 1106 2698 ait,
1119 2655 1228 2696 ἐχέτω
1237 2659 1278 2689 τὸ
1290 2653 1404 2696 ἠθικὸν
1417 2661 1436 2697 ἡ
1455 2660 1606 2703 trusam),

863 2704 977 2755 ὅσπερ
1015 2707 1071 2752 καὶ
1099 2713 1116 2745 ὁ
1153 2713 1324 2754 διάλογος·
1384 2713 1490 2755 «χεδόν
1533 2716 1607 2760 ’γὰρ

861 2769 973 2804 nixev-
1000 2763 1122 2809 ὅκως-σς
1139 2772 1201 2811 τῆς
1221 2761 1335 2806 faur:
1350 2770 1605 2816 »humarcha«

1540 2834 1602 2869 τοὶν
