1863 3172
236 67 331 111 ,592

465 56 690 96 PAVLLI
726 55 1017 122 MANvTII
1044 57 1562 102 COMMENTARIVS

237 171 280 210 T
283 170 356 208 rin.
378 169 458 208 Aa.
469 181 509 220 4.
527 169 581 207 Sc.
596 180 629 220 3.
652 182 689 210 v.
704 172 770 220 85.
799 181 868 221 per
884 168 981 207 fimi·
1033 169 1180 217 Liuius,
1204 169 1353 211 trahere
1377 174 1545 219 animam
1567 173 1676 220 dixit,
1703 171 1772 215 lib.

239 224 442 266 litudinem
463 225 578 264 dixit:
604 263 613 264 „

294 303 403 314 ·——
421 282 496 321 Res
514 294 625 337 quom
640 281 810 320 animam
829 278 983 336 agebat,

401 348 483 379 tum
504 336 567 393 ess}
584 334 749 392 fftsam
775 338 956 390 oportuit.

1038 237 1074 279 3.
1095 240 1122 265 c.
1134 226 1173 268 6.
1201 226 1386 266 Mortuus
1408 229 1589 270 Aebutius
1607 224 1692 269 erc‘et
1707 232 1777 270 Ro-

1035 296 1172 322 manus
1183 283 1321 333 consul.
1341 285 1482 341 collega
1501 302 1579 326 ems
1589 289 1776 326 bes-unius

1037 340 1179 395 exigua
1197 342 1238 379 in
1247 340 1321 393 spe
1340 342 1523 384 trahebat
1535 345 1718 384 animam.

675 464 1165 505 EPISTOLAE
1229 468 1330 507 XIV.

607 540 1420 610 ARGVMENTVM.

379 647 513 688 Multa
537 649 797 702 complefflmr
814 649 904 690 haec
923 648 1099 702 epzstola:
1125 647 1172 689 de
1200 641 1240 690 L'.
1262 651 1434 693 Domitii
1457 652 1698 695 Ahenobarbi
1721 671 1779 698 re-

238 704 354 759 pulfil
381 707 421 743 in
442 717 661 760 ougztt‘atn5
700 705 747 746 de
763 705 1054 756 SaturninQ-ab
1073 707 1136 745 Cn.
1160 707 1333 748 Domitio
1354 710 1511 749 Caluino
1536 713 1577 750 in
1598 712 1781 756 iudicium

246 759 405 809 voc-mo,-
438 761 485 799 a-'e
511 763 691 816 Pompei?
700 763 943 817 Caesarisque
958 761 1180 813 discordia;
1207 766 1253 804 de
1271 765 1391 818 Appii
1410 768 1580 807 ridicula
1603 769 1644 807 in
1660 783 1783 810 emen-

248 817 396 858 dandis
415 819 589 860 ciuitatis
608 818 775 860 moribus
793 818 1006 871 aligeram.

800 932 1231 971 EXPLANATIO.

232 1009 237 1013 .
249 1016 449 1104 Arsacen
470 1015 631 1071 capere]
657 1020 993 1064 Seruiusinlib.6.

233 1124 235 1127 ι
343 1078 434 1114 Aen.
479 1089 517 1114 v.
559 1078 658 1128 762.
708 1078 799 1116 haec
832 1078 993 1132 scripfit:

249 1130 400 1173 Albani
430 1145 554 1172 omues
593 1146 701 1188 reges
743 1134 839 1175 diat·
877 1135 994 1180 Syluii

239 1191 341 1242 fimt
363 1188 411 1228 ab
446 1188 557 1228 huius
593 1189 756 1239 (byluii,
786 1196 936 1232 Aeneae
959 1204 996 1231 et

236 1248 431 1296 *Lauiniae
450 1243 537 1291 filii)
558 1259 731 1286 nonme:
745 1248 856 1300 fi'cut
874 1248 995 1290 hodie*

238 1318 323 1359 ⁸que
355 1303 517 1342 Romani
544 1303 802 1354 Imperatores
836 1307 991 1356 Augusti

249 1371 436 1399 vocantur
447 1375 462 1396 :
511 1362 688 1413 Aegyptii
703 1390 715 1407 ‚
766 1361 967 1402 Ptolemaei
983 1379 992 1402 ε

252 1416 410 1466 Ρενβιε,’
426 1413 635 1454 Arsacidae.
692 1419 749 1459 Est
775 1420 892 1468 igitur
912 1423 991 1460 Ar-

239 1475 376 1524 saces,
435 1471 613 1525 generale*
668 1488 809 1514 nomen
857 1491 990 1527 regum

252 1531 426 1568 omnium
454 1529 556 1582 apud
589 1531 764 1578 Parthos,
789 1532 992 1574 deducium

252 1587 301 1626 ab
322 1600 382 1633 eo,
404 1588 472 1638 qui
493 1587 718 1627 Parthorum
738 1603 897 1639 regnum
919 1593 994 1645 pri-

254 1657 338 1684 mus
367 1645 569 1682 constituit.
613 1646 685 1684 hoc
715 1647 871 1700 quidem
900 1659 991 1688 tem-

224 1715 227 1718 ·
254 1714 350 1755 pore
377 1700 604 1739 Parthorum
629 1716 697 1742 rex
717 1716 800 1744 erat
829 1707 995 1753 Orodes,

254 1760 472 1796 nominatus
529 1756 596 1796 lib.
647 1771 708 1812 ις.
731 1763 833 1814 epist.
870 1773 906 1802 1.
957 1772 996 1801 et

240 1813 320 1854 lib.
339 1827 375 1867 5.
405 1813 453 1852 ad
474 1816 583 1853 Attic.
601 1818 703 1869 epist.
727 1825 787 1866 ¹8·
808 1828 844 1858 et
865 1832 932 1861 21.
956 1829 997 1859 vt

258 1872 458 1910 historicos
479 1872 665 1912 omittam.
721 1874 791 1913 Sed
821 1875 867 1915 de
891 1875 997 1915 Arsa-

258 1943 299 1968 ce
325 1941 435 1977 rege,
458 1938 494 1967 et
523 1929 569 1967 de
586 1928 758 1983 reliquis,
788 1935 854 1985 qui
874 1935 908 1972 ei
921 1932 998 1972 suc-

258 1982 457 2032 cesserunt,
493 1999 592 2037 quae
623 1987 844 2037 collegimus
877 2003 922 2028 ex
939 1993 999 2029 Iu-

257 2044 354 2080 stino
385 2040 451 2081 lib.
474 2055 541 2095 41-
566 2053 603 2081 et
635 2057 704 2098 42.
752 2045 906 2086 fortasse
937 2048 999 2086 hic

257 2098 471 2139 adscribere
502 2113 642 2152 operae
671 2105 839 2154 pretium
868 2103 998 2143 fuerit.

260 2155 427 2204 Arsaces,
455 2158 517 2195 vir
536 2159 701 2196 incertae
734 2162 916 2209 originis,
937 2160 1000 2200 sed

257 2215 412 2252 virtutis
433 2216 620 2262 egregiae,
645 2214 776 2254 solitus
797 2216 1002 2256 latrocinio

260 2282 299 2309 et
320 2281 429 2323 rapto
449 2272 597 2318 viuere,
627 2286 786 2321 regnum
806 2274 908 2327 apud
922 2277 1004 2313 Par-

257 2328 348 2366 thos
383 2328 527 2380 primus
561 2330 767 2377 constituit,
798 2346 881 2370 cum
914 2330 1004 2370 alia-

263 2398 350 2422 rum
368 2396 477 2423 antea
494 2387 666 2433 gentium
687 2388 840 2435 regibus
863 2387 1005 2441 paruis-

264 2439 356 2481 sent.
383 2443 447 2488 ita,
474 2455 554 2480 non
588 2444 713 2481 minus
744 2444 1003 2484 memorabilis

263 2497 423 2545 Parthis,
443 2511 557 2550 quam
580 2499 694 2538 Perfis
726 2502 859 2547 Cyrus,
881 2505 1005 2541 Mace-

263 2552 428 2593 donibus
462 2553 688 2602 Alexander,
720 2559 902 2596 Romanis
932 2561 1005 2597 Ro-

263 2608 404 2658 mulus,
432 2620 581 2650 matura
617 2611 807 2654 senectute
837 2615 1003 2654 deceffit:

265 2669 373 2706 cuius
418 2670 627 2708 memoriae
677 2669 778 2709 hunc
818 2671 1009 2711 honorem

266 2724 394 2763 Parthi
418 2724 649 2775 tribuerunt,
677 2736 720 2766 vt
751 2741 886 2768 omnes
905 2729 1011 2769 dein-

1049 1021 1095 1060 de
1113 1035 1218 1072 reges
1247 1017 1333 1059 suos
1361 1019 1502 1062 Arsacis
1525 1025 1692 1066 ‘nomine
1722 1038 1786 1081 ap·

1048 1077 1238 1132 pellarint.
1295 1079 1394 1116 Huic
1426 1077 1589 1121 suc'ceffit
1607 1082 1727 1131 filim,
1746 1093 1785 1123 et

1048 1134 1126 1188 ipse
1147 1134 1297 1174 Arsaces
1322 1134 1454 1175 dietus.
1508 1139 1671 1178 Tertius
1701 1142 1788 1179 Par-

1049 1194 1121 1230 this
1142 1206 1208 1230 rex
1226 1191 1299 1245 fuit
1319 1193 1548 1245 Pampacius‚
1576 1205 1612 1235 et
1629 1195 1708 1250 ipse
1719 1199 1788 1236 Ar·
1823 1216 1831 1218 ‘⁷

1049 1248 1146 1288 saces
1165 1250 1402 1298 cognomine,
1432 1258 1472 1288 vt
1491 1252 1631 1305 reliqui
1654 1264 1788 1293 omncs

1047 1319 1152 1354 reges
1171 1321 1180 1350 ;
1209 1307 1312 1344 ficuti
1332 1307 1508 1355 Romani,
1519 1309 1694 1349 Caesares
1714 1313 1789 1349 Au-

1047 1365 1250 1416 gustosque
1291 1365 1619 1411 cognominarunt.
1685 1368 1791 1405 Pam·
1811 1360 1819 1372 Χ

1048 1421 1157 1473 pacio
1213 1419 1374 1458 successit
1430 1419 1529 1460 filius
1589 1422 1790 1462 Phraates:

1036 1477 1211 1523 'Phraati,
1237 1475 1355 1514 frater
1367 1476 1446 1514 eius
1460 1478 1711 1525 Mithridates,
1723 1481 1791 1531 qui

1048 1534 1274 1572 Parthorum
1295 1532 1497 1586 imperium
1510 1548 1531 1572 a
1552 1544 1682 1574 monte
1694 1537 1792 1575 Cau-

1049 1590 1155 1638 caso,
1183 1588 1313 1628 multis
1335 1588 1487 1643 populis
1530 1592 1571 1629 in
1602 1592 1793 1633 ditionem

1049 1647 1224 1694 redactis,
1251 1645 1369 1700 vsque
1388 1646 1435 1684 ad
1455 1648 1596 1687 flumen
1626 1649 1794 1702 Euphra-

1052 1716 1129 1744 tem
1162 1702 1346 1757 protulit3
1379 1717 1447 1742 nec
1482 1705 1614 1744 minoi·
1657 1704 1793 1745 Arsace

1053 1775 1215 1815 proauo,
1252 1759 1414 1810 gloriosa
1425 1759 1615 1802 sene&ute
1634 1762 1794 1802 deccffit.

1052 1821 1095 1859 Ei
1118 1817 1279 1857 succesfit
1298 1819 1472 1868 Phraates
1490 1817 1611 1858 filius:
1642 1820 1796 1859 Phraati

1053 1885 1209 1930 patruus
1228 1875 1308 1919 eius
1330 1875 1564 1914 Artabanus:
1599 1877 1796 1915 Artabano

1054 1931 1295 1975 Mithridates
1344 1929 1465 1978 filius,
1498 1932 1646 1983 cuiires
1677 1934 1798 1982 gestae

1055 1989 1187 2038 Magni
1216 2001 1428 2037 cognomen
1460 1988 1611 2028 dedere.
1693 1992 1798 2038 Qo,

1055 2053 1214 2100 propoer
1232 2042 1505 2092 crudelitatem,
1525 2059 1546 2083 a
1565 2045 1694 2085 senatu
1715 2048 1800 2085 Par·

1056 2103 1158 2142 thico
1206 2103 1352 2148 eieam,
1383 2115 1543 2150 regnum
1595 2103 1799 2155 occupauit

1055 2159 1173 2199 frater
1202 2160 1282 2197 eius
1322 2157 1494 2203 Orodes;
1541 2161 1608 2211 qui
1642 2157 1801 2198 fratrem

1058 2216 1166 2255 suum
1187 2214 1462 2262 Mithridatem,
1491 2213 1593 2254 vltro
1618 2215 1712 2254 sein
1734 2229 1804 2269 po-

1058 2275 1226 2312 testatem
1255 2273 1336 2310 eius
1371 2272 1605 2318 tradentem,
1644 2275 1685 2311 in
1714 2285 1803 2310 con-

1059 2329 1187 2383 speetu
1218 2327 1284 2367 suo
1315 2329 1498 2366 trucidari
1517 2328 1636 2367 iuffit:
1668 2329 1729 2367 hic
1752 2328 1802 2366 est

1060 2386 1208 2425 Orodes
1232 2384 1310 2429 ille,
1346 2387 1414 2436 qui
1433 2388 1487 2424 M.
1510 2385 1678 2424 erastum
1717 2397 1804 2423 cum

1062 2438 1143 2482 filio
1168 2453 1204 2481 ct
1227 2442 1335 2480 omni
1353 2444 1517 2480 exercitu
1540 2444 1714 2479 Romano
1740 2441 1809 2480 de·

1062 2498 1168 2538 leuit.
1200 2500 1259 2537 cui
1272 2498 1433 2537 successit
1455 2497 1553 2536 filius
1576 2499 1748 2536 Phraates
1761 2509 1808 2536 ex

1062 2555 1211 2610 pellice,
1239 2569 1258 2594 a
1286 2565 1393 2608 patre
1416 2556 1508 2594 vino
1544 2566 1610 2592 rex
1629 2555 1808 2594 constitu·

1063 2626 1145 2658 tus3
1183 2612 1250 2664 qui
1280 2613 1402 2650 statim
1434 2613 1471 2650 e't
1495 2621 1640 2664 patrem
1672 2607 1810 2664 ipsum,

1066 2680 1103 2709 et
1126 2668 1263 2708 fratres
1292 2669 1448 2716 triginta
1485 2667 1712 2715 trucidarat,
1735 2669 1810 2706 Au-

1064 2727 1172 2777 gusto
1194 2727 1421 2779 imperante.

1691 2776 1813 2820 Seleu·
