1863 3172
197 120 250 166 58
384 101 630 151 'rAert
666 105 957 148 MANVTII
993 105 1521 148 COMMENTARIVS

196 225 318 280 potest
345 223 463 272 igitur
481 221 554 259 hoc
568 233 671 258 anno
693 216 856 258 Racilius
873 220 939 258 tri-

194 284 381 322 bunatum
406 277 527 332 plebis
557 289 710 325 gereret
749 289 834 313 cum
861 277 940 331 epi-

195 337 288 380 stola
329 335 463 388 scripta
488 334 531 371 fit
552 333 734 386 Pompeio
765 342 802 371 et
832 331 937 373 Cras-

194 395 238 436 so
266 396 314 434 11.
333 390 420 432 coss.
451 390 536 445 post
564 389 755 429 decretum
785 388 937 430 Caesari

193 449 442 503 stipendium,
474 458 511 486 et
538 449 691 486 auehtm
723 445 935 495 legatorum

195 520 408 547 numerum:
422 517 518 561 quae
528 503 626 543 faeka
637 502 708 542 effe
720 505 890 556 Pompeii
900 515 938 543 et

194 564 311 604 Craffi
348 561 511 601 secundo
541 559 758 606 consulatu,
799 563 937 613 Appia-

192 636 264 661 nus
296 630 332 659 et
360 622 436 658 Dio
477 618 626 660 docent.
709 617 938 656 Tribunum

192 679 314 734 plebis
365 675 581 715 Plutarchus
626 677 666 712 in
698 672 823 713 Probl.
872 688 936 712 ne-

193 746 257 785 gat
274 735 532 783 magistratum
549 730 677 771 fuisse:
706 730 822 783 idque
841 729 937 769 mul-

197 796 243 834 tis
274 792 504 841 argumentis
553 789 718 842 probare
763 797 936 827 conatur.

195 864 263 890 nec
284 846 475 888 diffentire
494 845 648 885 videtur
669 844 937 898 Liuiuszapud

195 921 310 960 quem
339 904 404 943 lib.
418 914 456 944 2.
474 918 503 942 c.
525 906 590 956 56·
647 903 790 955 Appius
806 900 937 940 consul

189 963 373 1008 clamitat,
402 962 595 1015 priuatum
606 960 801 998 tribunum
813 957 936 1012 plebis

194 1021 278 1068 effe,
308 1021 382 1058 fine
402 1019 579 1072 imperio,
606 1018 680 1055 fine
707 1017 936 1064 magistratu.

191 1079 263 1117 Sed
284 1088 488 1128 Vtrumque
509 1072 650 1113 refellit
661 1074 797 1112 Cicero
809 1084 846 1112 et
862 1073 936 1119 hic,

194 1147 231 1175 et
243 1135 308 1175 lib.
319 1145 347 1174 ι.
369 1132 416 1172 de
426 1135 533 1171 Orat.
545 1144 573 1169 c.
584 1143 623 1183 7.
637 1144 719 1168 cum
733 1131 806 1168 ait:
823 1131 936 1169 Exie-

191 1203 287 1232 rant
314 1204 398 1230 cum
417 1189 494 1242 ipso
530 1184 651 1242 Craffo
681 1185 935 1236 adolescentes

191 1248 279 1295 duo,
306 1250 344 1288 C.
361 1240 571 1297 Cottaffqui
590 1255 672 1282 tum
691 1242 935 1282 tribunatum

185 1305 308 1359 plebis
319 1301 483 1357 petebat,
493 1312 532 1341 et
541 1302 569 1340 Ρ
584 1300 785 1351 Sulpicius,
797 1301 864 1354 qm·
873 1298 936 1339 de·

191 1364 318 1415 inceps
341 1373 424 1399 eum
444 1356 708 1415 magistratum
741 1360 937 1408 petiturus

185 1417 413 1473 putabatur.
470 1418 514 1455 In
534 1417 691 1454 Brutoc.
704 1426 772 1467 43.
803 1415 936 1454 [tata-

193 1479 293 1516 citus
305 1473 456 1523 (Craffi)
477 1473 715 1515 tribunatus,
731 1481 788 1518 vt,
801 1470 882 1524 nisi
893 1472 935 1509 in

189 1547 232 1572 eo
241 1529 470 1588 magistratu
486 1525 687 1582 cenauissbt
708 1526 811 1578 apud
823 1541 935 1580 prae-

189 1603 316 1629 conem
327 1581 529 1632 Granium,
541 1583 654 1640 idque
666 1583 769 1624 nobis
780 1584 836 1624 bis
847 1598 935 1622 nar·

190 1644 347 1698 rautffit
382 1644 567 1689 Lucilius,
588 1640 787 1680 tribunum
812 1639 936 1694 plebis

194 1695 418 1752 neseiremns
438 1696 563 1755 fug'ffi’.
651 1701 695 1736 In
741 1708 835 1738 orat,
861 1711 932 1751 pro

192 1761 355 1808 Q1intio
378 1772 406 1801 c,
433 1769 496 1798 20.
538 1757 611 1795 Per
630 1769 712 1794 enm
734 1756 934 1810 magistra-

190 1830 293 1865 tum,
314 1818 380 1871 qni
398 1815 540 1854 auxilii
557 1809 680 1866 canffl1
710 1814 934 1866 constitutus

192 1875 254 1929 est.
281 1872 471 1911 Sallustius
495 1872 535 1909 in
547 1869 728 1918 Iugurtha
749 1879 855 1922 027.
886 1869 934 1909 P.

189 1923 387 1976 Lucullus,
407 1939 445 1968 et
463 1929 504 1967 L.
523 1929 682 1971 Annius,
694 1924 844 1966 tribuni
854 1926 934 1979 ple-

190 1990 260 2035 bis,
271 1985 525 2043 rejfistentibns
536 1983 935 2040 collegis‚,contimtare

188 2045 460 2098 magistratum
505 2039 737 2080 nitebantur.
822 2039 933 2093 Apud

188 2091 364 2144 Nonium
398 2095 620 2139 Fenestella:
669 2097 716 2136 Vt
734 2097 935 2151 magistrat

190 2171 273 2201 tum
292 2161 462 2198 inierunt
472 2153 624 2195 tribuni
637 2153 772 2207 plebis,
786 2154 824 2193 C.
838 2153 932 2194 Cato

188 2217 404 2259 Ptolemaeo
424 2215 519 2269 regi,
551 2221 589 2251 et
609 2212 772 2251 Lentulo
788 2211 934 2261 consuli

160 2308 163 2311 Δ
189 2272 346 2325 assiduis
368 2267 605 2310 conczonibus
625 2266 817 2307 inuidiam
846 2281 933 2307 con·

188 2333 312 2369 citare
335 2329 465 2380 coepit.
551 2323 731 2364 Asconius
753 2339 930 2379 quoque:

188 2388 374 2426 Inuocare
393 2385 516 2422 tribus
528 2380 723 2422 Gabinius
742 2386 875 2433 coepit,
888 2392 933 2423 vt

192 2444 230 2481 T
228 2443 382 2483 rebellio
419 2438 688 2490 magillratum
710 2437 930 2493 abrogaret.

187 2500 324 2540 Mirari
351 2499 463 2536 etiam
492 2495 627 2549 aliquis
663 2494 817 2535 fortasse
847 2494 930 2549 pos-

185 2557 251 2604 'fit,
282 2570 348 2594 cur
377 2554 539 2592 tribunis
567 2551 686 2605 plebis
719 2565 929 2606 purpuram

190 2613 332 2653 adimat
365 2609 606 2653 Plutarchum
643 2623 730 2647 cum
761 2611 802 2647 in
831 2619 928 2647 orat.

188 2684 260 2724 pro
283 2667 460 2708 cluentio
493 2681 522 2704 c.
543 2678 608 2719 40.
641 2663 814 2715 legantur
838 2667 928 2706 haec

189 2721 235 2766 de
266 2727 422 2766 tribuno
450 2723 569 2777 plebis
598 2724 804 2770 Qinffio:
855 2723 928 2762 Fa·

189 2787 286 2834 cite,
313 2793 355 2824 vt
375 2795 448 2822 non
467 2781 595 2833 solnm
623 2792 745 2820 mores
770 2781 859 2830 eius,
891 2789 929 2820 et

996 221 1279 274 arrogantiam,
1308 219 1389 271 sed
1415 222 1536 261 etiam
1578 218 1741 264 vultum,

995 287 1112 330 atque
1133 274 1334 321 amiflum,
1352 288 1465 332 atque
1492 278 1606 318 illam
1625 274 1680 327 vs
1670 289 1743 330 que

995 332 1052 372 ad
1068 332 1167 372 talos
1183 330 1377 385 demtffam
1388 346 1603 387 purpuram
1618 345 1741 371 recor-

992 387 1147 429 demini.
1203 387 1275 427 Sed
1296 391 1460 438 cogitare
1482 389 1592 436 licet,
1610 386 1671 428 vel
1693 387 1740 426 de

993 443 1056 484 sua
1077 455 1226 485 tantum
1243 454 1364 484 aetate
1384 444 1554 486 locutum
1573 445 1644 485 effe
1659 444 1742 484 Plu-

995 503 1181 549 tarchum,
1207 504 1247 541 in
1267 515 1343 557 qua
1363 501 1509 542 tribuni
1528 501 1743 556 plebis,im-

994 561 1144 598 minuta
1166 561 1243 609 iam
1263 560 1460 613 potestate,
1479 571 1649 612 purpura
1661 572 1742 597 non

994 626 1217 663 vterentur3
1248 615 1310 656 vel
1331 618 1555 655 Ciceronem
1569 617 1608 654 in
1620 616 1745 663 Quin·

994 670 1071 712 &io
1090 671 1246 720 notaffe‚
1258 681 1264 685 ‘
1278 673 1383 726 quod
1394 672 1460 712 ille
1478 673 1558 719 fibi,
1571 670 1742 722 neglefila

995 729 1279 777 consuetudine,
1301 745 1369 784 per
1387 729 1613 781 singularem
1636 742 1742 768 arro-

994 788 1165 836 gantiam
1180 786 1432 841 affumpserat.
1489 789 1591 827 Nam
1603 814 1616 833 ,
1637 784 1742 839 quod

995 846 1048 883 ait
1069 842 1302 891 Plutarchus,
1315 843 1518 884 h&oribus
1538 857 1618 882 non
1631 842 1741 884 vsum

996 898 1068 940 ess'e
1090 901 1289 940 tribunum
1310 900 1446 954 plebis,
1474 901 1640 953 ideoque
1653 913 1740 951 conf

995 960 1101 1004 stare,
1120 959 1383 1007 magistratum
1413 972 1492 997 non
1521 956 1654 996 fuisse:
1683 970 1742 995 re-

996 1013 1143 1054 fellitur
1165 1013 1338 1068 exemplo
1365 1013 1579 1062 censorum,
1609 1014 1675 1067 qui
1699 1011 1742 1051 li-

994 1073 1120 1111 &ores
1137 1085 1216 1110 non
1243 1071 1447 1118 habebant,
1469 1082 1506 1110 et
1525 1081 1650 1110 tamen
1661 1083 1743 1109 non

995 1129 1114 1168 modo
1134 1130 1367 1178 magistratus
1390 1127 1544 1168 censura
1563 1127 1648 1176 fuit,
1677 1141 1743 1166 ve-

993 1200 1080 1225 rum
1101 1187 1236 1232 etiam,
1264 1186 1369 1240 quod
1404 1199 1542 1235 negare
1573 1185 1745 1224 arbitror

993 1244 1302 1290 neminem,inter
1315 1245 1479 1282 maiores
1490 1243 1742 1292 magistratus.

1051 1314 1104 1353 Et
1102 1312 1197 1367 fide,
1211 1323 1248 1353 et
1258 1317 1384 1354 animo
1389 1314 1586 1370 singulari
1594 1312 1611 1366 ]
1627 1310 1743 1352 Multi

994 1373 1096 1410 enim
1128 1369 1283 1418 fauent,
1309 1382 1350 1411 vt
1384 1368 1497 1410 fidem
1532 1371 1741 1424 praestent:

992 1430 1141 1467 animus
1180 1438 1306 1467 tamen
1345 1426 1540 1478 singularis
1569 1441 1650 1467 non
1677 1428 1741 1467 est.

992 1484 1209 1538 Respondet
1228 1485 1276 1524 ad
1298 1483 1407 1533 illud,
1435 1499 1510 1540 qna
1533 1487 1689 1542 quisque
1699 1486 1743 1525 in

989 1554 1029 1583 te
1038 1541 1203 1596 fide-fit,
1223 1553 1258 1581 et
1278 1542 1486 1583 voluntate.

1049 1611 1178 1666 Officii
1194 1615 1374 1654 maiorem
1395 1613 1667 1655 auHoritatem
1676 1612 1744 1653 ha·

991 1668 1075 1709 here
1106 1669 1314 1718 videatur,
1361 1686 1477 1727 quam
1497 1667 1740 1722 firztentiae]

992 1729 1137 1766 Fauere
1163 1741 1224 1766 me
1260 1727 1353 1774 tibi,
1385 1727 1536 1768 fortasse
1565 1729 1740 1767 homines

991 1785 1241 1831 arbitrantur,
1271 1796 1351 1823 non
1370 1785 1476 1838 quod
1495 1787 1547 1824 ita
1568 1785 1740 1831 sentiam,

991 1841 1052 1880 scd
1075 1841 1179 1894 quod
1201 1841 1387 1881 beneficio
1410 1853 1476 1881 tuo
1498 1844 1662 1888 vinc‘kus,
1684 1843 1740 1879 in-

990 1907 1116 1949 gratus
1145 1896 1218 1937 effe
1249 1912 1328 1937 non
1362 1900 1505 1952 poffim.
1544 1900 1584 1938 id
1609 1909 1740 1952 aperte

991 1956 1169 2005 fignificat
1196 1955 1236 1994 in
1254 1957 1399 2010 prima:
1441 1957 1524 1996 Nos
1545 1959 1586 1996 in
1614 1968 1685 1996 cau
1714 1970 1740 1995 a

991 2011 1260 2053 auelorimtem
1293 2027 1331 2053 eo
1350 2016 1533 2054 minorem
1552 2012 1740 2062 habemns,

991 2072 1093 2127 quod
1119 2068 1191 2111 tibi
1211 2068 1397 2115 debemus.

1050 2143 1266 2192 Videatur]
1296 2141 1428 2182 Videri
1449 2140 1540 2195 poffi
1547 2152 1572 2180 t.

1044 2211 1276 2266 Auestudii
1305 2226 1396 2268 erga
1425 2224 1482 2260 te,
1514 2223 1585 2253 aut
1612 2210 1740 2266 officii,

989 2281 1060 2310 aut
1079 2272 1193 2312 amici
1214 2269 1360 2323 animi]
1392 2270 1548 2309 Ostendi
1566 2272 1656 2317 iam,
1681 2271 1738 2308 in·

989 2337 1047 2366 ter
1065 2326 1247 2374 officium,
1277 2337 1313 2366 et
1323 2326 1488 2366 studium
1509 2327 1601 2380 quid
1621 2329 1739 2365 inter-

988 2386 1043 2424 fit.
1071 2385 1198 2423 minus
1219 2394 1345 2423 autem
1367 2386 1431 2431 est,
1465 2387 1579 2423 amia·
1600 2385 1740 2432 animi,

989 2455 1101 2494 quam
1120 2439 1264 2495 studii:
1297 2455 1383 2480 cum
1399 2442 1440 2479 in
1460 2440 1627 2494 aliquem
1644 2441 1736 2478 ami-

989 2513 1033 2537 co
1059 2496 1130 2537 effe
1151 2500 1283 2536 animo
1307 2498 1499 2552 poffimus,
1522 2512 1590 2537 nec
1611 2508 1736 2536 tamen

986 2557 1022 2594 ei
1045 2554 1280 2601 studere‚aut
1299 2557 1380 2594 eius
1405 2554 1524 2594 causs'a
1546 2553 1736 2593 laborare.

986 2613 1115 2665 itaque
1138 2611 1210 2649 hoc
1233 2612 1431 2660 fignificat:
1461 2614 1501 2650 in
1531 2609 1735 2650 consulari·

986 2669 1057 2707 bus
1078 2682 1156 2706 non
1180 2668 1297 2708 modo
1316 2669 1481 2708 studium
1500 2682 1587 2718 erga
1610 2679 1659 2715 te,
1669 2677 1736 2706 aut

986 2724 1178 2771 officium,
1209 2724 1271 2763 sed
1304 2740 1352 2764 ne
1380 2728 1544 2765 amicum
1577 2724 1736 2778 quidem

986 2782 1157 2822 animum
1178 2780 1364 2836 perspexi.
1423 2785 1466 2821 Et
1491 2793 1532 2822 vt
1551 2782 1625 2828 hic,
1643 2782 1735 2820 ami-

1671 2851 1737 2875 CUS

1851 1446 1863 1601 Α4-ω,-...-,ιε“’,
1852 1400 1863 1427 .-
