1863 3172
317 95 388 135 IN
415 95 529 134 CIC.
559 94 749 135 EPIST.
778 96 916 135 FAM.
945 95 1440 146 L18.1.‚EP18T.1x.

99 208 298 268 n'otninant
335 217 373 248 et
409 209 626 248 orationem
661 208 708 249 de
749 223 838 260 rege

99 265 358 309 Alexandrino
374 264 546 304 rhetores
562 266 696 316 Latini,
719 269 838 319 Aqui-

98 323 148 372 la,
166 332 202 362 et
221 324 534 362 Fortunatianus:
564 336 677 375 quam
697 324 839 376 opinor

98 381 266 421 habitam
286 378 360 418 effe
380 378 605 419 Marcellino
638 389 675 419 et
700 378 837 434 Philip-

96 450 149 492 po
186 434 272 476 coss.
303 449 382 489 quo
407 451 510 476 anno
543 435 675 475 scimus
715 438 840 476 ae'tum

69 509 72 515 ·
97 491 172 534 effe
190 494 230 532 in
251 492 379 532 senatu
411 494 556 544 magnis
587 494 840 532 contentioni-

95 550 170 591 bus
193 550 240 589 de
264 550 496 590 restituendo
517 546 747 598 Ptolemaeo,
770 552 859 589 Ae-·

97 617 203 661 gypti
225 620 325 656 rege.

154 674 384 728 Menocrito]
412 673 564 715 Lentuli
581 673 732 716 liberto.
769 677 836 715 vss-

97 734 212 774 tatius
224 747 365 772 nomen
373 733 434 778 est,
447 734 695 780 Menocrnds,
709 747 836 786 quam,

98 790 338 831 Menocriti:
376 786 450 828 -sed
485 787 576 827 libri
617 798 763 829 veteres
794 792 837 831 in

97 845 318 887 Menocrito
339 844 588 885 consentiunt.

155 929 220 970 Νι
240 940 351 970 ERN.
381 932 436 970 Vt
456 929 715 983 pertimestas]
778 933 839 970 Io-

98 997 226 1035 eatur;
255 988 355 1040 quasi
386 986 592 1027 multarum
609 990 840 1030 *orationum

71 1056 78 1062 ’·
98 1041 212 1084 letitie
241 1042 451 1084 molestiam
480 1044 643 1086 Lentulo
680 1043 839 1085 allatura

96 1102 149 1141 fit.

160 1171 371 1227 Referoqm·
390 1169 446 1211 ad
464 1171 735 1222 mansuetiores
748 1173 839 1213 Mu-

87 1229 177 1282 fiis]
214 1231 299 1268 Hoc
337 1227 448 1282 plane
493 1242 595 1267 anno
617 1243 752 1282 poema
790 1230 837 1268 ad

100 1285 297 1325 Caesarem
320 1285 473 1324 videtur
497 1285 678 1339 scripliss'e,
696 1286 743 1325 de
758 1300 836 1339 quo

97 1341 215 1393 lib.3.
236 1342 283 1381 ad
303 1345 356 1392 Q
379 1344 437 1380 Fr.
461 1343 563 1394 epist.
579 1349 664 1390 8.et
677 1355 714 1395 9.
747 1342 838 1382 fate-

99 1401 174 1441 bor
192 1410 318 1439 tamen
329 1402 505 1448 ingenue,
528 1399 630 1452 quoii
651 1400 744 1438 mihi
759 1415 838 1439 non

101 1456 333 1497 mediocrem
364 1456 563 1495 dubitandi
592 1456 749 1495 cauffam
785 1468 836 1497 at-

100 1512 201 1554 tulit.
232 1524 331 1553 certe
351 1514 466 1560 enim,
489 1527 573 1551 cum
607 1513 705 1552 dicat
734 1516 837 1554 Cice·

101 1585 161 1614 ro,
182 1570 382 1625 referoque
407 1583 465 1609 me
495 1568 550 1609 ad
568 1571 838 1622 ntanfitetiores

100 1628 252 1679 Moslzs,
274 1620 426 1666 videtur
439 1625 485 1664 de
499 1638 674 1679 poemate
693 1626 835 1681 aliquo,

102 1698 124 1723 a
147 1684 183 1722 se
200 1684 351 1737 scripto.
373 1682 472 1722 velle
490 1682 735 1734 subiungere:
766 1699 834 1724 nec

101 1752 228 1781 tamen
248 1743 287 1779 id
302 1740 411 1780 facit:
440 1754 527 1780 nam
557 1739 673 1781 infert
702 1743 837 1790 statim,

89 1798 240 1851 stripfi'
260 1800 383 1849 {gitur
396 1797 622 1849 Aristoteleo
643 1812 744 1839 more
764 1811 843 1840 tres

103 1855 220 1896 libros
238 1858 276 1893 in
298 1853 554 1907 disputatione
572 1870 616 1894 ac
629 1854 782 1910 dialogo
793 1856 841 1894 de

104 1914 282 1951 Oratore.
312 1911 424 1950 Mufis
451 1921 577 1950 autem
611 1927 694 1951 cum
714 1922 841 1951 orato-

101 1972 158 2009 ria
189 1970 340 2007 ratione
379 1982 475 2021 quae
503 1972 722 2009 communio
762 1971 840 2009 est?

102 2039 222 2080 quare
239 2024 378 2064 vereor
398 2025 603 2071 interdum,
624 2041 672 2064 ne
695 2025 767 2063 hoc
786 2037 840 2064 to-

103 2092 205 2129 tum,
219 2082 335 2136 quod,
359 2081 543 2121 inclusum
572 2081 796 2135 parenthesi,
817 2097 842 2126 a,

101 2142 233 2187 ceteris
263 2139 515 2188 distinguitur,
538 2139 841 2179 transferendum

102 2199 144 2236 sit
167 2195 297 2250 aliquo
315 2195 432 2235 modo
451 2196 498 2234 ad
515 2195 610 2248 illud
629 2197 727 2236 infra
744 2198 839 2249 posi-

104 2265 207 2301 tum,
236 2253 384 2308 scripsi
411 2255 529 2292 etiam
564 2253 732 2304 veijszbus
758 2264 839 2293 tres

102 2310 220 2351 libros
242 2309 290 2349 de
313 2309 540 2363 temporibus
562 2312 662 2350 meis.
715 2311 794 2349 Nisi
813 2311 840 2348 fi

104 2366 375 2420 nuanfiieriores
384 2366 524 2416 Missas
541 2368 694 2406 vocauit
709 2380 751 2406 ea
770 2368 839 2405 stu-

106 2425 180 2472 dia,
203 2437 298 2476 quae
321 2422 425 2461 domi
442 2422 608 2471 culta,ad
631 2422 837 2472 lenitatem,

101 2492 215 2534 atque
237 2481 508 2519 humanitatem
538 2483 685 2519 animos
715 2480 839 2520 tradu-

101 2549 213 2581 cunt3
242 2551 325 2576 cum
345 2539 537 2576 orationes
564 2539 604 2575 in
623 2537 712 2576 foro
735 2538 839 2577 habi-

100 2607 162 2636 tae
179 2596 461 2634 contentionem
490 2594 662 2634 habeant.
704 2596 840 2634 confir-

101 2666 207 2691 mare
229 2651 381 2690 videtur
401 2651 495 2688 hane
524 2653 748 2704 opinionem
782 2649 838 2690 lo-

100 2723 164 2748 eus
187 2707 251 2747 lib.
268 2711 330 2751 16.
351 2709 452 2761 epist.
477 2720 540 2749 10.
632 2708 692 2748 Tu
712 2709 784 2748 Mu
803 2723 837 2748 ts

101 2768 250 2821 nostris,
263 2777 436 2819 parimas
459 2763 762 2821 operas-reddas.
790 2766 836 2806 Et

1559 109 1641 152 πη

894 207 987 248 alibi
1008 209 1144 262 Musas
1171 221 1243 261 pro
1264 207 1400 250 litteris
1431 206 1570 264 posuit,
1598 222 1640 252 vt

896 264 961 307 lib.
975 276 1010 306 2.
1028 266 1074 304 ad
1097 267 1204 305 Attie.
1220 269 1322 320 epist.
1336 278 1372 318 ς.
1410 269 1503 309 Cum
1523 271 1639 309 omni·

895 321 965 362 bus
985 324 1113 375 Miglis
1133 325 1323 364 rariorum
1340 323 1478 370 habere
1504 328 1636 383 cogito.

953 407 987 445 A
1012 407 1143 458 prima
1168 405 1439 463 adolescentia]
1500 408 1639 452 Adole-

895 460 1081 501 scentulus
1121 465 1225 502 Axati
1257 478 1392 516 poema
1432 469 1636 509 conuertit.

895 518 1000 571 quod
1019 517 1148 567 hodie,
1178 524 1360 573 temporis
1378 525 1534 572 iniuria,
1554 539 1636 564 mu·

893 574 1005 614 tilum
1024 576 1217 615 habemus.
1276 579 1373 617 Puer
1389 583 1503 618 ctiam
1526 593 1637 621 tetra·

893 642 1016 670 metro
1061 630 1172 671 versu
1219 630 1362 672 librum
1402 637 1638 690 composuit,

895 702 1022 741 quem,
1041 699 1081 728 vt
1097 691 1149 728 ait
1180 689 1419 740 Plutarchus,
1453 693 1636 749 inscripsit

893 745 1055 786 Pontius
1087 746 1271 786 Glaucus.

950 816 1162 856 Deleft'ant
1188 826 1211 855 E
1219 828 1245 856 R
1253 827 1297 857 N.
1339 818 1601 861 Delec‘larunt
1613 824 1634 873 J

893 874 988 912 Non
1010 872 1058 911 ad
1082 875 1312 926 proximum,
1331 889 1409 927 quo
1431 875 1467 916 se
1486 877 1533 915 ad
1555 893 1637 918 mu·

895 928 949 967 sas
968 929 1111 970 referre
1138 929 1268 971 solitus
1289 933 1352 980 est,
1382 932 1445 971 sed
1473 933 1521 972 ad
1552 933 1636 975 lon-

894 987 1080 1039 ginquum
1099 987 1372 1029 adolescentiae
1389 999 1536 1044 tempus
1553 1006 1637 1032 ver-

895 1045 999 1092 bum,
1026 1043 1290 1093 deleam-unt,
1319 1048 1636 1097 accommodauit,

895 1110 937 1140 vt
968 1101 1021 1147 sit,
1056 1102 1108 1139 ita
1139 1111 1200 1141 me
1229 1101 1440 1151 deledbnt,
1470 1116 1511 1155 ⁷,jt
1539 1105 1636 1146 olim

894 1156 1217 1198 adolescentulum
1261 1159 1507 1202 delcetarunt.
1583 1165 1636 1203 Si-

895 1214 984 1253 mile
1003 1213 1099 1253 illud
1123 1217 1163 1254 in
1183 1219 1302 1257 Bruto
1323 1233 1350 1257 c.
1374 1230 1443 1271 75.
1467 1219 1513 1258 de
1533 1234 1634 1260 com-

893 1274 1088 1310 mentariis
1104 1273 1271 1313 Caesaris
1286 1291 1294 1313 :
1323 1276 1438 1315 Nudi
1446 1277 1559 1327 fimt,
1574 1292 1635 1319 re·

895 1328 960 1376 Hi,
983 1340 1021 1368 et
1042 1331 1186 1384 vem-(sti
1207 1333 1308 1371 omni
1325 1344 1466 1372 ornatu
1492 1335 1636 1375 oratio.

894 1388 975 1432 uis,
1026 1398 1226 1442 tamquam
1271 1388 1390 1443 veste,
1445 1390 1634 1431 detraflo.

894 1441 1009 1490 ond
1021 1444 1071 1480 cst
1086 1458 1093 1480 :
1123 1446 1229 1483 omni
1242 1444 1424 1493 detracto,
1439 1456 1633 1501 tamquam

893 1501 1006 1546 veste,
1026 1501 1213 1540 orationis
1238 1513 1387 1542 ornatu.

946 1570 1097 1622 Scripsi
1117 1572 1239 1625 igitur
1259 1572 1488 1627 Aristoteleo
1516 1589 1633 1626 more,

887 1627 1202 1682 quemadmodum
1219 1628 1370 1684 quidem
1398 1632 1525 1675 volui,
1553 1644 1635 1674 tres

895 1682 1014 1724 libros
1046 1686 1088 1722 in
1120 1683 1377 1737 diss-zfvtatioaze
1410 1702 1456 1728 ac
1483 1690 1634 1745 dialogo

894 1738 941 1780 de
962 1743 1147 1790 Oratore]
1195 1743 1299 1790 Qiid
1327 1743 1382 1792 fit,
1411 1745 1636 1801 Aristotelea

893 1810 1006 1844 more,
1026 1811 1172 1836 meeum
1193 1798 1271 1852 ipse
1299 1813 1459 1852 quaero,
1490 1812 1632 1851 vtrum,

892 1855 983 1905 quia
1013 1852 1184 1902 dialogos
1222 1865 1259 1894 et
1285 1857 1504 1897 Aristoteles
1533 1875 1634 1900 com·

895 1909 1076 1962 posuerit,
1098 1925 1171 1964 qua
1196 1912 1243 1950 de
1264 1927 1306 1951 re
1326 1913 1513 1954 Plutarchi
1536 1919 1633 1956 testi-

895 1969 1069 2005 monium
1091 1971 1203 2008 exstat
1221 1971 1263 2008 in
1295 1970 1554 2012 consolatione
1585 1974 1633 2014 ad

896 2023 1156 2076 Apollonium,
1168 2037 1204 2064 et
1216 2026 1336 2065 Basilii
1351 2030 1391 2066 in
1410 2029 1566 2081 epistola
1584 2030 1632 2071 ad

895 2081 1122 2128 Diodorum,
1142 2083 1347 2122 Themistii
1368 2097 1576 2138 praeterea,
1596 2099 1633 2131 et

896 2136 1122 2190 Philoponi:
1160 2153 1209 2177 an
1250 2155 1357 2186 vere,
1394 2146 1483 2193 quia
1522 2159 1633 2185 more

895 2194 1072 2247 quodam,
1094 2209 1172 2234 non
1203 2195 1364 2247 vulgari,
1394 2198 1454 2237 led
1476 2204 1633 2255 exquisi-

896 2264 950 2298 to,
969 2250 1090 2304 qualis
1112 2254 1320 2293 Aristotelis
1342 2269 1424 2294 mos
1455 2255 1542 2305 fuit,
1573 2273 1632 2300 ar·

896 2310 942 2346 tis
976 2310 1166 2349 oratoriae
1196 2321 1392 2365 praecepta
1422 2313 1631 2358 tradiderit.

895 2366 936 2403 in
965 2379 1079 2418 quam
1107 2366 1282 2419 equidem
1316 2368 1539 2411 sententiam
1579 2373 1632 2414 fa-

895 2420 979 2469 cile,
999 2433 1035 2462 et
1055 2421 1217 2463 libenter
1238 2423 1395 2474 inclino,
1417 2440 1631 2470 commotus

896 2480 1057 2519 maxime
1079 2479 1320 2533 sequentibus
1342 2484 1482 2532 verbis,
1509 2500 1633 2541 quem-

894 2534 1100 2575 admodum
1125 2537 1278 2592 quidem
1295 2561 1299 2563 -
1316 2540 1420 2580 volui
1433 2557 1447 2578 .·
1492 2545 1631 2594 quibus

895 2593 1069 2632 minuere
1114 2595 1250 2633 Cicero
1286 2594 1411 2636 voluit
1454 2611 1632 2649 arrogan-

893 2650 1008 2698 tiam,
1039 2651 1140 2703 quasi
1171 2652 1329 2691 nimium
1358 2651 1395 2692 se
1435 2655 1632 2706 extulisset,

893 2706 1080 2760 professus
1102 2707 1339 2748 Aristotelico
1361 2724 1470 2750 more
1486 2711 1522 2750 se
1549 2713 1633 2754 scri-

891 2764 997 2816 psisse
1018 2763 1272 2820 de-Otatore:
1298 2768 1562 2824 maioremque
1580 2782 1632 2812 et-

1555 2841 1633 2870 iam
