1863 3172
257 73 326 113 IN
355 71 467 111 cle,
494 69 695 111 Eris'r.
729 72 867 112 FAM.
905 72 1012 117 ΗΒ.
1041 73 1144 113 vin.
1181 74 1498 118 er1sT.x111.
1553 85 1638 132 5912

99 195 231 241 putas,
247 196 320 239 per
335 195 444 237 quem
449 182 542 236 stne
568 184 724 238 imperio
751 196 842 238 pro-

103 244 256 284 vinciae
263 240 393 292 sunt?
419 254 624 296 numquam
655 243 755 281 enim
775 241 843 280 Cu-

102 293 413 353 riostfit'm‘ff’t,
433 295 473 348 fi
496 310 580 336 curn
606 310 648 337 eo
677 300 742 353 agi
770 310 843 337 coe-

100 367 210 410 ptum
230 349 465 407 esfit.'qua1n
494 351 715 392 sententiam
742 352 844 393 scua-

101 422 164 452 tus
186 408 290 462 sequi
313 411 449 450 noluit.
480 409 527 448 de
544 410 618 449 hoc
634 423 771 459 genere
790 409 846 449 lo-

101 466 244 520 quendi
268 465 367 516 vide,
396 479 494 519 quae
523 465 686 506 diximus
716 465 782 506 lib.
809 478 842 507 1.

102 525 207 578 epist.
229 536 267 565 2.
282 548 291 556 ·

159 592 354 635 Stomacho
385 591 437 646 est
463 593 617 644 scilicet
645 593 842 644 Pompeius·

101 648 294 705 Magnus]
321 650 410 688 Dixi
431 649 538 696 oiim,
563 649 713 699 scilicet
733 649 840 688 Porn-

96 709 215 762 peius‚
238 706 332 744 mihi
353 705 479 745 videri
507 704 579 744 effe
596 704 772 754 glossema
793 703 839 743 ad

102 764 265 804 verbum
283 762 484 815 Magnus:
521 775 590 801 nec
611 761 719 801 aliter
739 776 840 800 nunc

101 819 266 861 videtur.

158 892 223 931 Ita
249 886 467 945 languenti]

102 958 184 988 erat
208 948 416 995 ingenium,
437 942 837 983 vtvoluntate1u.suam

101 1002 320 1045 occultaret.
355 1001 533 1040 stomachi
560 1002 695 1040 vitium
724 1011 840 1041 trans-

103 1060 192 1102 tulit
211 1057 368 1100 Coelius
400 1058 446 1096 ad
476 1060 644 1096 animum
670 1060 841 1112 Pompeii

105 1115 202 1159 nihil
224 1118 264 1155 in
284 1114 477 1168 republica
499 1116 709 1168 probantis,
732 1118 841 1168 quip-

103 1188 151 1229 pe
177 1175 244 1226 qui
271 1185 395 1224 neque
427 1171 624 1210 Caesarem
651 1173 690 1210 in
718 1171 839 1211 Gallia

104 1232 248 1271 diutius
266 1242 419 1268 manere
437 1227 644 1274 vellet,nec
665 1227 766 1267 suam
790 1241 841 1267 ta-

102 1302 192 1328 men
248 1284 486 1326 voluntatem
544 1283 628 1323 satis
683 1285 839 1325 auderet

102 1342 318 1384 ostendere:
375 1341 710 1394 quandoquidem,
757 1341 837 1396 ipso

102 1403 272 1447 auctore,
298 1399 339 1437 in
364 1396 526 1437 secundo
543 1412 586 1436 ac
614 1401 727 1438 tertio
749 1414 839 1438 con.

103 1457 248 1504 sulatu,
279 1454 373 1493 duae
400 1453 499 1503 leges
543 1453 638 1494 latae
675 1455 838 1503 fuerant,

103 1528 179 1555 vna
198 1513 244 1552 de
260 1510 479 1551 Galliarum
500 1513 661 1565 imperio
679 1515 720 1550 in
750 1512 839 1552 alte·

104 1585 192 1612 rum
229 1565 535 1622 quinquennium
571 1570 834 1622 prorogand03

105 1627 236 1674 altera,
263 1634 305 1664 vt
332 1626 372 1663 in
409 1625 591 1677 petitione
608 1624 836 1675 ⁴,eonsulatus

103 1683 264 1725 absentis
285 1680 451 1721 Caesaris
469 1683 567 1721 ratio
595 1682 808 1723 haberetur.

164 1751 419 1805 Trarfierant
435 1752 548 1803 illuc]
587 1752 629 1793 Id
652 1755 837 1806 probaue-

102 1820 202 1853 rant.

164 1883 217 1922 Vt
236 1881 340 1919 ratio
358 1875 447 1933 effer
458 1882 539 1920 eius
551 1879 743 1931 habenda]
757 1884 839 1920 Hoc

103 1948 227 1979 totum
248 1939 300 1975 ita
321 1935 459 1984 legitur
476 1938 515 1975 in
533 1939 698 1990 antiquis
710 1937 837 1977 libris:

106 1997 147 2037 V
141 1989 167 2036 t'
181 1996 330 2034 ratione
348 1995 426 2031 eius
443 1992 627 2040 habenda,
648 1996 713 2050 qui
731 2009 838 2034 exer-

101 2054 237 2097 citum,
261 2063 380 2104 neque
401 2050 624 2099 prouincias
650 2050 837 2091 traderet.

102 2106 209 2160 quod
227 2108 280 2144 ita
297 2103 518 2144 mendosum
538 2106 610 2153 est,
643 2118 684 2146 vt
712 2110 836 2146 omnis

101 2164 198 2203 mihi
212 2160 367 2215 quidem
388 2160 434 2199 ad
462 2160 746 2203 correetionem'
760 2163 838 2202 adi-

100 2231 162 2260 tus
207 2216 493 2258 intercludatur.
541 2217 721 2272 relinquo
758 2234 838 2259 non

99 2278 258 2322 inuitus,
268 2273 372 2327 quod
389 2272 454 2312 alii
472 2287 668 2327 quaerant.
695 2275 840 2316 senten-

101 2335 153 2372 tia
198 2331 351 2384 quidem
398 2331 489 2369 haec
540 2331 694 2383 videtur
747 2333 838 2371 effe:

101 2389 350 2429 Transierant
360 2385 549 2426 senatores
561 2389 601 2426 in
612 2387 684 2428 alia
697 2391 840 2436 omnia,

99 2445 141 2484 id
163 2446 225 2489 est,
246 2445 504 2496 probauerant
514 2445 697 2484 Curionis
725 2447 841 2484 inter-

101 2501 315 2546 certionem,
329 2501 588 2553 improbantes
606 2503 658 2541 Μ.
671 2501 842 2540 Marcelli

563 889 732 941 Pompeii
768 888 840 926 hoc

100 2557 346 2603 sententiam3
392 2566 583 2608 tamquam
616 2559 765 2597 ratione
793 2557 838 2596 il-

99 2612 175 2652 lius
197 2611 383 2658 habenda,
395 2614 462 2664 qui
474 2625 598 2666 neque
617 2616 836 2661 exercitum,

99 2683 226 2722 neque
260 2670 476 2722 prouincias
503 2668 678 2709 traderet.
738 2673 836 2719 Hoc,

62 2772 66 2774 ,
97 2736 142 2768 vt
161 2724 254 2775 dixi,
273 2725 440 2765 arbitror
457 2725 664 2775 significari.
691 2725 753 2766 sed
774 2726 837 2766 ad·

900 183 991 224 dere
1009 186 1182 234 verbum,
1203 199 1469 244 neque,contra
1488 201 1648 231 veteres.

898 238 1017 281 libros
1036 256 1115 281 non
1148 244 1290 284 audeo:
1339 247 1406 285 nist
1440 248 1478 295 fi,
1505 259 1545 287 vt
1582 249 1635 288 est

899 300 1058 338 omnino
1085 299 1191 353 asper
1211 301 1405 356 durusque
1419 303 1543 344 Cot-lii
1563 304 1636 343 ser-

899 368 978 402 mo,
998 356 1174 409 scriptum
1202 359 1249 398 ab
1281 373 1326 398 eo
1353 371 1541 413 putemuS,
1569 363 1637 417 qui

899 415 1123 459 exercitum,
1157 429 1272 469 neque
1302 420 1524 468 prouincias
1553 429 1634 458 tra-

897 466 1026 516 deret5
1053 482 1139 522 pro,
1169 473 1236 525 qui
1266 486 1384 527 neque
1408 475 1636 522 exercitum,

896 537 1016 579 neque
1029 528 1251 576 prouincias
1274 532 1471 568 traderet:
1501 540 1554 578 vt,
1574 543 1637 569 ne-

896 593 978 635 que,
1011 590 1083 619 tani
1115 582 1160 620 ad
1188 586 1411 630 evm-citum,
1444 599 1556 637 quam
1584 585 1632 624 ad

891 639 1114 688 prouincias
1136 638 1334 681 reseratur.
1374 644 1489 680 Venit
1519 644 1634 682 etiam

896 692 936 730 in
958 703 1136 742 mentem,
1158 696 1229 734 hoc
1248 696 1440 736 dumtaxat
1458 712 1478 736 a
1491 698 1632 738 Coelio

897 747 1087 802 scriptum,
1107 752 1346 803 transierunt
1363 754 1468 800 illuc,
1499 765 1541 794 vt
1570 770 1633 794 ra-

894 807 996 845 tione
1011 809 1092 845 eim·
1108 807 1289 848 habenda.
1328 807 1483 860 glossam
1504 821 1631 851 autem

893 859 966 900 ess'e
993 863 1043 909 id,
1067 864 1171 915 quod
1195 864 1376 918 sequitur,
1398 867 1560 906 additam
1582 869 1630 906 ab

890 919 1162 971 interpretante
1182 935 1395 974 pronomen
1408 923 1516 971 illud,
1528 928 1608 964 eius
1619 938 1635 963 .-

897 989 981 1014 cum
1000 976 1073 1015 hoc
1098 981 1326 1030 pronomine
1355 979 1508 1020 Coelius
1539 983 1632 1020 Cae-

896 1030 1014 1072 sarem
1043 1034 1243 1082 significare
1277 1035 1406 1075 solitus
1429 1038 1489 1076 fit:
1536 1037 1633 1078 dixit

896 1091 997 1128 enim
1027 1092 1174 1143 epist.8.
1221 1093 1413 1144 Pcrglpeft'a
1442 1095 1505 1133 Cn.
1525 1095 1633 1134 Pom·

890 1148 974 1199 peii
990 1149 1188 1187 voluntate
1217 1151 1256 1187 in
1286 1163 1368 1188 eam
1394 1159 1561 1201 partem,
1586 1161 1632 1191 vt

895 1217 977 1241 eum
999 1201 1172 1244 decedere
1193 1205 1275 1257 post
1291 1205 1489 1246 Kalendas
1519 1208 1634 1247 Mar-

895 1261 974 1300 tias
986 1261 1173 1312 placeret:
1202 1275 1285 1300 cum
1311 1262 1504 1303 Caesarem
1524 1265 1631 1312 figni-

895 1317 991 1362 ficet‚
1022 1318 1177 1356 minime
1213 1328 1337 1358 tamen
1366 1330 1474 1359 antea
1508 1323 1631 1360 nomi-

894 1383 1037 1412 natum.

951 1444 1121 1483 Laturus
1149 1443 1234 1496 stt,
1286 1459 1375 1486 cum
1418 1447 1630 1501 cognoseat]

893 1504 996 1539 Vnus
1019 1501 1161 1548 Sigonii
1182 1500 1290 1549 liber,
1322 1514 1358 1541 et
1383 1507 1501 1550 metm,
1530 1507 1634 1544 latu·

893 1571 960 1596 rur
976 1555 1027 1609 est
1048 1557 1123 1610 istc,
1150 1573 1231 1598 cum
1259 1561 1500 1611 cognoscam.-
1535 1559 1632 1600 alter

894 1615 1074 1660 eiusdem,
1109 1614 1272 1661 laturus,
1305 1629 1389 1655 cnm
1409 1617 1475 1670 rste
1502 1631 1632 1673 cogno-

882 1672 1017 1720 scam:
1042 1672 1170 1723 itaque
1190 1669 1331 1711 subesse
1351 1674 1487 1712 vitium
1516 1672 1642 1730 suspi-.

894 1740 971 1766 cor.

953 1810 1159 1863 Futurum]
1187 1812 1322 1857 Video,
1349 1812 1440 1866 quid
1462 1814 1629 1856 dicatur:

896 1867 956 1906 sed
992 1881 1034 1907 ex
1063 1870 1214 1917 ingenio
1244 1871 1483 1909 emendatum
1509 1875 1629 1911 existi-

895 1939 979 1963 mo:
1014 1938 1099 1963 nam
1117 1936 1260 1964 veteres
1285 1940 1416 1965 omnes
1442 1926 1544 1976 libri,
1558 1929 1628 1980 fu-

893 1993 1019 2027 turus,
1055 1981 1214 2020 habent:
1261 1983 1365 2036 quod
1394 1983 1546 2025 videtur
1578 1985 1628 2025 ad

892 2039 1113 2090 Pompeium
1144 2038 1289 2078 referri.
1524 2042 1527 2046 ⁴

946 2123 986 2162 St·
1004 2117 1073 2161 mit
1095 2135 1168 2160 non
1187 2125 1313 2179 curet]
1402 2126 1460 2165 Sic
1480 2127 1630 2179 antiqui

891 2178 993 2217 libri.
1024 2176 1176 2217 mutilus
1203 2178 1309 2220 locus
1337 2180 1409 2230 est,
1436 2191 1502 2221 aut
1529 2197 1628 2224 certe

894 2236 1131 2288 depranatuS.

956 2321 1028 2358 Vos
1045 2321 1154 2367 senes
1180 2318 1339 2374 diuites]
1379 2325 1553 2371 Qiorum
1573 2326 1631 2362 in-

895 2376 1003 2414 terest
1024 2377 1197 2423 maxime,
1219 2378 1489 2430 rempublicam
1508 2382 1547 2418 in
1562 2379 1632 2419 suo

893 2433 987 2472 stetu
1007 2445 1237 2485 permanere.

951 2504 1129 2542 Animam
1150 2503 1304 2560 agebat]
1334 2505 1379 2543 In
1405 2506 1506 2544 exitu
1530 2507 1632 2546 vitae

895 2559 1029 2598 crebro
1065 2557 1215 2611 spiritus
1236 2561 1398 2608 ducitur,
1430 2572 1467 2600 et
1488 2562 1634 2601 reduci-

892 2625 966 2653 tur.
996 2613 1034 2652 id
1057 2625 1217 2662 veteres,
1238 2631 1350 2672 agere
1372 2621 1550 2664 unimam,
1577 2622 1634 2657 ‹Qi-

894 2671 1040 2710 eebant.
1052 2669 1162 2709 Tusc.
1177 2682 1210 2711 1.
1227 2688 1255 2712 c.
1267 2685 1305 2724 9.
1351 2673 1402 2712 Et
1417 2686 1529 2728 agere
1547 2678 1631 2714 am-

891 2740 1009 2776 mam,
1028 2736 1068 2767 et
1086 2724 1211 2781 efflare
1229 2731 1401 2769 mimus.
1428 2730 1577 2769 Plautus
1589 2734 1630 2770 in

1514 2789 1631 2826 Trin.
