1863 3172
196 85 282 132 126·
406 83 628 125 PAVLLI
671 79 958 123 MANVTII

258 198 569 252 Temperantiam
579 206 618 235 et
626 192 941 245 moderationem]

201 259 353 299 Notum
381 256 431 293 est
461 268 506 292 ex
528 249 740 299 Aristotele,
778 264 816 291 et
843 249 942 299 aliis,

200 312 479 367 temperantiae
513 311 685 356 nomine,
735 308 942 362 perfeeiam

203 372 409 414 virtutem,
454 379 530 419 qua
572 365 803 413 indomitae,
828 374 942 417 atque

204 424 431 467 exsultantes
468 424 602 462 animo
629 420 807 462 libidines
841 422 945 461 cohi-

203 486 357 531 bentur,
405 479 579 520 indicari.
622 480 785 519 verbum
812 481 945 531 igitur,

204 538 525 586 moderationem,
553 536 735 576 sententia
774 551 853 575 non
888 550 944 575 re-

205 597 337 651 quirit.
422 594 494 634 Sed
514 608 535 633 a
567 608 676 633 more
700 591 947 647 philosopho-

205 668 292 695 rum
307 651 421 702 longe
442 651 550 691 distat
570 653 737 690 oratoria
759 648 947 703 loquendi

206 708 454 752 consuetudo.
492 710 609 762 Saepe
629 709 776 761 copiam
797 708 950 759 quaerit

207 770 359 815 Cicero,
377 780 456 805 non
477 775 519 805 vt
542 774 689 814 augeat,
719 766 946 802 immutetue

209 825 447 870 sententiam,
466 821 528 861 sed
546 831 586 861 vt
614 818 788 875 explanet
814 821 946 869 magis.

209 894 334 935 neque
356 893 451 920 vero
484 877 682 924 nesciebat,
717 875 947 916 moderatio-

208 953 297 979 nem
325 951 346 976 a
383 937 632 990 temperantia
671 947 751 972 non
778 932 947 981 differre,

211 1011 296 1035 cum
315 992 392 1048 ipse
415 1003 453 1032 et
479 991 544 1032 lib.
557 1005 596 1033 2.
616 990 663 1030 de
683 992 763 1029 Fiu.
785 1005 815 1030 c.
830 1001 893 1043 19.
911 1001 949 1029 et

210 1050 329 1093 Tusc.
354 1062 391 1102 3.
421 1064 450 1088 c.
466 1056 502 1098 8.
538 1048 835 1100 temperantiam
860 1047 949 1086 defi-

209 1110 338 1154 nierit,
363 1116 477 1159 atque
508 1102 753 1159 explicauerit
778 1103 950 1143 modera-

210 1166 327 1206 tionis
363 1165 542 1202 nomine:
573 1171 610 1200 et
627 1159 692 1203 lib.
709 1171 742 1201 1.
762 1159 809 1199 de
838 1159 947 1200 offic.

210 1227 393 1269 e.2⁷.28.
413 1220 479 1258 vbi
501 1228 684 1271 quattuor
701 1218 860 1257 virtutes
880 1231 949 1256 no-

210 1269 354 1323 minat,
382 1274 679 1316 moderationem
711 1287 783 1327 pro
812 1283 953 1328 tempe-

211 1336 335 1376 rantia
373 1331 634 1386 vsurpauerit:
683 1330 758 1378 sed,
788 1341 830 1370 vt
859 1331 952 1379 dixi,

209 1390 450 1447 aperiendae,
477 1399 591 1442 atque
620 1387 876 1441 explanandae
895 1389 952 1427 rei

211 1451 343 1500 gratia,
364 1460 444 1485 non
470 1446 712 1485 necessariam
740 1445 953 1485 vbertatem

211 1505 404 1548 interdum
431 1513 542 1543 amat.
575 1501 710 1543 eodem
741 1500 858 1540 modo
883 1501 952 1541 lib.

217 1575 279 1605 12.
307 1562 409 1615 epist.
431 1571 498 1613 27.
556 1559 619 1614 Est
639 1561 697 1599 ita
729 1560 954 1611 temperatis

214 1619 492 1671 moderatisque
524 1615 705 1662 moribus,
736 1626 780 1654 vt
797 1616 953 1665 summa

202 1678 399 1729 seueritas
410 1674 568 1724 smmna
600 1686 685 1714 cum
712 1672 954 1713 humanitate

212 1735 411 1789 iungatur.

272 1799 555 1853 Amiciffimum]
591 1802 726 1853 Itaque
747 1813 827 1838 non
847 1798 955 1839 dubi-

215 1871 270 1909 to,
293 1861 387 1912 quin
418 1872 459 1897 ea
490 1856 688 1904 voluisses,
724 1868 822 1908 quae
861 1859 954 1895 meis

216 1917 428 1957 conducere
445 1914 659 1954 rationibus
681 1913 928 1953 existimasses.

270 1997 480 2055 Szgffufitm]
521 1997 732 2037 Translate
753 1998 874 2037 verbo
903 1995 954 2036 la-

218 2069 297 2098 tere
316 2056 508 2096 interdum
526 2058 567 2094 in
579 2057 708 2108 animo
721 2053 954 2093 maleuolen-

216 2117 308 2154 tiam
328 2114 516 2163 fignificat,
535 2123 576 2151 vt
597 2126 694 2166 aqua
713 2110 804 2150 latet
827 2109 955 2151 subter

220 2182 342 2211 cutem
361 2169 451 2209 fusa.
479 2171 537 2208 Sic
555 2168 621 2209 lib.
633 2183 672 2211 2.
694 2170 741 2208 de
757 2178 829 2207 nat.
847 2168 952 2207 deor.

218 2245 248 2268 c.
270 2240 337 2270 21.
392 2227 582 2266 aetherem
610 2226 804 2283 aequabili
831 2227 957 2266 calore

207 2282 398 2338 fiiffi‘smn
424 2282 530 2321 dixit.

276 2358 465 2411 Magnum
497 2364 535 2393 et
556 2351 761 2405 excelsam]
845 2356 956 2401 Quae

219 2415 341 2453 virtus
379 2409 490 2464 plane
528 2412 615 2448 viro
651 2410 776 2458 digna.
821 2413 956 2449 Graeci

219 2473 496 2518 μεγαλοψυχία,
524 2468 657 2504 Cicero
677 2465 742 2505 lib.
757 2479 791 2508 1.
823 2467 869 2505 de
890 2467 993 2509 ΟΕ,-

218 2529 277 2567 fic.
298 2540 327 2563 c.
347 2536 415 2576 43.
454 2524 807 2578 magnanimitatem
832 2534 954 2563 vocat.

219 2583 350 2631 Magni
370 2590 493 2619 autem
515 2577 717 2631 excelfique
745 2581 864 2618 animi
893 2583 958 2628 est,

221 2640 413 2679 neminem
433 2636 562 2682 odiffe,
575 2649 633 2674 res
655 2650 714 2674 eas
735 2640 845 2689 parui
866 2651 956 2689 pen-

219 2697 321 2743 dere,
333 2695 469 2747 quibus
491 2691 554 2731 alii
574 2692 620 2730 ad
637 2691 957 2741 maleuolentiam,

219 2768 263 2795 ac
279 2750 443 2794 nocendi
464 2750 707 2806 cupiditatem
726 2749 837 2792 facile
856 2765 957 2792 com·

997 78 1515 121 COMMENTARIVS

999 200 1218 232 mouentur.
1299 193 1429 234 Eidem
1462 191 1597 232 tribuit
1623 191 1742 231 animi
1788 207 1790 210 ’

999 247 1299 298 magnitudinem
1328 252 1432 305 epist.
1455 264 1488 300 ς.
1513 257 1549 287 et
1570 261 1609 301 7.
1631 257 1669 289 et
1699 250 1741 288 in

1000 303 1066 346 lib.
1097 304 1148 344 der
1169 303 1257 344 clar.
1283 317 1378 346 orat.
1403 318 1512 362 c.77.

1054 363 1247 412 Apertum
1276 374 1315 403 et
1342 361 1564 417 [implicem]
1625 359 1744 410 Quod

1000 417 1182 458 bonitatis
1209 419 1271 457 est.
1313 420 1416 467 ideo,
1443 419 1538 473 quid
1571 417 1744 468 sentires,

1000 477 1067 527 qui
1087 485 1173 515 tuus
1193 477 1235 513 in
1254 489 1328 524 me,
1349 486 1570 530 ceterosque
1591 478 1744 516 animus

1001 530 1102 581 effer,
1123 531 1231 571 nullo
1261 536 1418 583 negotio
1441 533 1629 587 perspexi.

1061 601 1193 655 Tales]
1221 604 1392 644 Inuidos.
1456 618 1545 643 nam
1579 605 1681 658 epist.
1702 615 1745 658 7.
1790 637 1798 641 .

1000 661 1041 699 in
1060 667 1112 706 te,
1132 660 1272 713 inquit,
1307 660 1453 701 homine
1484 663 1649 701 omnium
1683 674 1748 700 no·

1000 715 1190 770 bilg'ffimo,
1207 717 1365 770 st'milia
1397 719 1616 758 inmidorum
1645 719 1750 757 vitia

997 774 1186 826 perspexi.
1239 777 1410 814 Notatur
1442 776 1557 813 etiam
1587 774 1749 827 perfidia

996 831 1233 883 ‘optimatum
1264 831 1527 884 quorundam,
1567 831 1748 870 Ciceroni

1003 887 1044 925 in
1065 884 1194 934 salute,
1216 887 1381 928 Lentulo
1412 891 1456 928 in
1484 888 1666 938 dignitate
1686 901 1750 929 co·

999 944 1120 992 gnita.
1164 944 1267 996 epist.
1290 955 1326 997 ς.
1349 945 1390 987 6.
1413 958 1452 998 7.

1061 1013 1289 1067 Mones-uns]
1363 1018 1429 1056 ‘Vt
1459 1015 1686 1069 quibusdam
1706 1017 1749 1055 in

1006 1069 1198 1109 sententiis
1219 1070 1388 1125 paullum
1414 1087 1475 1112 me
1494 1075 1750 1120 immutarem,

1006 1141 1206 1179 meamque
1237 1128 1473 1169 voluntatem
1489 1157 1492 1163 .
1509 1129 1556 1168 ad
1570 1130 1750 1169 summo-

1006 1197 1092 1223 rum
1117 1184 1332 1234 hominum,
1362 1187 1408 1226 de
1437 1200 1574 1239 meque
1603 1189 1753 1240 optime

1007 1242 1250 1289 meritorum,
1262 1242 1485 1293 dignitatem
1495 1257 1750 1294 aggregarem.

1064 1313 1177 1354 Salus
1195 1312 1296 1367 mea]
1333 1318 1382 1355 Vt
1400 1317 1441 1354 in
1467 1316 1630 1369 patriam
1652 1311 1753 1355 resdi·

1007 1384 1104 1410 rem.

1062 1427 1194 1466 Etiam
1211 1425 1397 1482 dignitas]
1444 1428 1615 1468 Modeste
1642 1430 1752 1482 petit,

1008 1493 1050 1523 vt
1072 1482 1235 1522 eundem
1255 1481 1292 1521 se
1311 1484 1490 1536 praebeat
1508 1485 1692 1525 Lentulus
1708 1488 1752 1525 in

1009 1542 1089 1579 eius
1107 1539 1260 1586 tuenda,
1290 1550 1403 1593 atque
1430 1543 1602 1591 augenda
1631 1543 1754 1592 digni-

1009 1607 1097 1643 tate,
1127 1610 1242 1650 quem
1269 1598 1310 1635 in
1339 1599 1597 1652 recuperanda
1634 1599 1754 1640 salute

1010 1654 1257 1709 praestiterat.

1065 1725 1213 1765 Socium
1231 1726 1492 1782 comitemque]
1530 1730 1623 1768 Non
1645 1728 1755 1779 dixit,

1011 1782 1236 1828 adiutorem,
1255 1792 1297 1821 vt
1319 1786 1574 1832 arrogantiam
1597 1788 1756 1833 vitaret3

1012 1849 1049 1877 et
1067 1836 1184 1886 fimul,
1205 1838 1310 1891 quod
1324 1841 1366 1878 in
1388 1839 1575 1881 societatis
1595 1845 1754 1883 nomine

1012 1895 1198 1948 quaedam
1210 1895 1325 1935 ineffe
1346 1897 1498 1937 videtur
1519 1899 1752 1939 beneuolen-

1003 1954 1087 1996 tiae
1105 1953 1334 2001 fignificatio.
1365 1955 1493 1994 Soc-ius
1511 1967 1754 2011 autem,pro-

1011 2011 1107 2062 prie,
1123 2021 1296 2059 agentem
1318 2009 1494 2050 adiuuat:
1523 2027 1641 2055 comes
1661 2027 1752 2054 eun·

1011 2076 1086 2105 tem
1103 2065 1283 2119 sequitur.

1069 2122 1290 2177 Oratioizes]
1346 2125 1542 2163 Triennio
1580 2122 1753 2179 striptae,

1011 2178 1237 2219 Marcellino
1257 2190 1294 2220 et
1317 2179 1492 2236 Philippo
1512 2180 1598 2220 coff.
1617 2192 1658 2221 vt
1678 2196 1752 2235 pro

1011 2239 1052 2276 L.
1077 2235 1292 2289 Calpurnio
1314 2238 1445 2283 Bestia,
1465 2252 1535 2290 pro
1550 2241 1590 2279 P.
1611 2239 1753 2286 Sextio,

1011 2296 1052 2332 in
1071 2295 1279 2341 Vatinium,
1310 2293 1356 2332 de
1383 2296 1593 2346 prouinciis
1619 2294 1754 2334 consu-

1011 2350 1168 2397 laribus,
1202 2350 1248 2389 de
1278 2349 1520 2404 haruspicum
1544 2350 1750 2404 responsisz

1012 2409 1195 2460 Pompeio
1231 2417 1267 2447 et
1304 2407 1444 2455 Crasso,
1477 2410 1518 2447 in
1557 2408 1752 2450 Pisonem:

1011 2466 1184 2503 Domitio
1203 2474 1240 2503 et
1263 2466 1401 2516 Appio,
1420 2479 1492 2518 pro
1517 2467 1749 2518 Scauro,pr0

1011 2523 1180 2567 Vatinio,
1199 2535 1271 2574 pro
1299 2523 1353 2559 M,
1371 2520 1530 2569 Coelio,
1555 2532 1668 2574 atque
1699 2531 1753 2561 et·

1012 2581 1087 2616 iam
1108 2593 1178 2631 pro
1201 2585 1242 2616 A.
1262 2578 1441 2626 Gabinio,
1471 2592 1584 2631 quem
1613 2588 1750 2627 rogatu

1012 2636 1184 2687 Pompeii
1203 2635 1275 2674 hoc
1294 2648 1396 2673 anno
1415 2634 1608 2682 defendit,
1635 2645 1677 2674 vt
1702 2647 1751 2675 ex

1012 2695 1136 2731 Dione
1157 2690 1222 2730 lib.
1239 2704 1301 2744 39.
1325 2702 1361 2729 et
1381 2705 1425 2731 ex
1445 2690 1610 2744 epistolis
1630 2691 1677 2730 ad
1689 2695 1754 2731 At-

1013 2751 1139 2800 ticum,
1151 2748 1247 2790 etad
1257 2750 1488 2799 QFratrem
1509 2747 1752 2798 intelligitur.

1625 2818 1750 2846 nomio
