1863 3172
293 79 363 120 IN
390 80 506 120 CIC.
537 80 732 122 EPIST.
775 81 913 122 ΒΑΜ.
947 81 1128 121 L113.11.
1168 82 1362 123 EPIST.
1389 84 1455 124 vl.
1530 90 1612 140 159

127 191 397 250 Corfiantiae]
425 193 646 249 Constantia
665 208 745 234 non
765 195 816 234 est

66 250 181 298 idem,
201 249 307 305 quod
331 253 540 305 grauitas.-
567 249 632 290 illa
654 254 755 292 enim
766 250 815 290 ad

66 309 196 348 animi'
218 305 461 354 senteutiam,
490 308 582 347 haec
603 306 670 348 'ad
699 310 813 349 afflo-

63 378 152 404 nem
183 363 368 403 refertur:
412 376 452 404 vt
479 366 521 404 lit
551 368 710 422 grauis,
744 366 811 417 qui

60 419 208 474 semper
226 419 328 460 idem
349 419 484 468 sentit,
513 436 556 461 ac
578 420 689 468 vult;
727 435 812 462 con·

10 504 16 508 -
45 477 176 532 stans,
195 478 263 530 qui
282 476 429 531 semper
447 478 548 518 idem
570 477 670 518 facit.

120 547 445 598 Rem-uolentem]
468 551 529 589 Ne
549 547 660 614 plura
681 562 812 587 nume-

62 613 121 646 tet
136 634 148 652 ,
196 618 276 645 vno
318 603 613 644 beneuolentiae·
652 606 810 644 nomine

62 663 194 700 omnia
221 660 505 714 compleffltur:
553 662 654 715 quali
689 661 809 700 dicat:

61 720 115 758 ita
136 729 172 758 te
193 716 291 758 Milo
317 716 459 767 diliget,
478 728 520 758 vt
538 719 585 760 ab
606 732 654 758 eo
683 718 807 773 exspe-

61 777 165 816 &are
194 776 322 814 omnia
342 774 464 828 poffis.

58 872 63 875 -
115 843 329 898 Complec‘h'⁸
365 845 573 900 hominem]
624 849 718 887 Tua
764 848 806 885 in

60 917 150 942 eum
178 902 297 942 studia
326 900 511 942 conferre.
552 905 597 943 sic
633 905 736 958 epist.
768 910 804 952 S.

58 960 130 1000 Da
149 970 188 999 te
214 959 369 999 homini.
408 959 694 1013 complefletur,
713 960 806 1001 mihi

57 1015 183 1058 crede.

115 1085 222 1128 Mihi
238 1085 353 1139 vero]
387 1088 492 1127 Dixit
520 1097 652 1135 antea,
686 1088 804 1125 nemi-

59 1158 146 1183 nem
178 1157 357 1195 vmquam
389 1143 434 1182 de
456 1143 519 1182 sua
539 1143 678 1190 salute,
715 1143 805 1182 suis-

59 1215 135 1254 que
165 1199 330 1239 fortunis
360 1210 436 1240 tam
468 1201 574 1240 valde
606 1200 804 1248 laborass'e,

58 1271 174 1312 quam
206 1255 328 1311 ipsum
368 1257 414 1296 de
434 1257 591 1298 Milonis
632 1258 802 1297 honore:

57 1329 158 1354 nunc
179 1316 293 1353 etiam
316 1313 419 1353 suam
439 1317 499 1364 agi
518 1329 598 1354 rem
616 1316 805 1364 fignificat:

55 1381 108 1418 at,
119 1385 233 1425 quam
251 1373 356 1410 rem?
386 1384 480 1419 eam,
501 1385 599 1425 quae
618 1373 804 1425 praestan-

57 1429 158 1468 tibus
179 1429 272 1467 viris
296 1426 374 1466 non
405 1430 585 1468 minimae
615 1443 726 1468 curae
748 1428 803 1467 so-

57 1483 109 1524 let
131 1483 225 1532 effe,
243 1484 368 1532 dcem,
389 1496 426 1524 et
441 1485 675 1534 dignitatern.
705 1500 803 1539 quae

51 1538 178 1596 ‘potest
198 1543 299 1580 enim
322 1540 393 1581 effe
414 1545 538 1581 maior
568 1541 662 1590 laus,
686 1557 802 1596 quam

55 1599 242 1653 ptaestare
262 1599 358 1637 bene
378 1601 523 1639 meritis
544 1601 741 1654 pietatem,
759 1614 802 1639 ae

56 1653 390 1696 beneuolentimn?

112 1740 158 1780 In
178 1739 294 1781 laude
310 1742 419 1790 mea]
461 1743 588 1789 Qnam
610 1756 655 1782 ex
683 1744 800 1797 pieta·

57 1797 105 1837 tio
127 1797 313 1850 opinione
335 1796 555 1850 consequar.

109 1868 157 1908 111
163 1866 324 1921 salute]
356 1870 453 1908 Cum
473 1870 544 1908 tibi
557 1883 725 1923 quoque,
743 1885 800 1911 re-

54 1925 203 1964 stitutus
227 1925 275 1964 ab
295 1924 462 1972 exsulio,
486 1938 675 1981 acceptam
704 1929 800 1968 refe·

53 1994 138 2021 ram
156 1979 313 2021 salutem
334 1997 469 2023 meam.

109 2067 212 2123 Ego,
244 2068 287 2106 ni
312 2077 352 2107 te
382 2065 513 2107 videre
532 2066 703 2120 scirem]
740 2070 798 2108 Est

53 2122 115 2162 hic
161 2133 355 2178 tamquam
395 2122 567 2177 epilogus
607 2124 796 2179 epistolae,

53 2193 134 2232 quo
156 2178 350 2233 superiora
378 2194 500 2233 paene
527 2182 656 2220 omnia
685 2183 796 2223 breui

54 2238 230 2276 oratione
248 2235 491 2287 colliguntur.

136 2321 340 2378 Qantum
385 2321 501 2374 effcii
543 2320 795 2375 fissinerem]

928 193 1190 247 Contentione]
1219 197 1330 236 Extra
1348 197 1450 237 vitae
1465 199 1613 253 pericu·

871 249 965 298 lum,
985 266 1069 290 cum
1088 252 1254 292 ciuiliter
1277 255 1532 295 contenditur.

925 307 1211 361 Dimicatione]
1261 313 1371 351 Vitae
1416 312 1611 366 periculo,

869 376 953 401 cum
976 378 1090 402 arnus
1117 380 1177 404 res
1203 369 1339 416 agitur.

927 420 1083 460 Omnem
1128 436 1222 471 rem,
1261 436 1376 481 atque
1419 425 1607 482 catffem]

867 477 997 515 Latius
1005 486 1109 529 patet
1127 493 1201 525 res,
1211 493 1324 532 quam
1344 479 1465 537 cauffia
1478 485 1609 538 :quod

868 532 1099 572 ostendimus
1121 531 1187 573 lib.
1213 548 1244 576 1.
1265 540 1368 591 epist.
1388 550 1422 579 Ι.
1449 541 1610 582 Omnem

867 603 959 637 rem,
978 589 1097 636 dixit,
1115 590 1155 629 id
1173 593 1235 642 est,
1257 594 1472 634 vniuersam
1496 597 1610 638 Milo·

867 647 926 684 nis
943 648 1168 700 petitionem
1182 665 1189 686 :
1205 648 1378 704 cuuffism,
1391 652 1462 691 hoc
1473 654 1609 707 ipsum,

866 703 907 741 in
925 716 1004 757 quo
1024 702 1122 743 Milo
1145 707 1340 747 contendit
1360 722 1491 748 omnes
1523 725 1611 752 ner·

864 773 959 807 VOS,
1008 770 1049 800 vt
1084 760 1320 804 consulatum
1369 764 1607 819 adipiscatur.

863 818 966 870 epist.
985 828 1026 870 7.
1082 818 1147 858 De
1152 818 1376 868 fiaecerdotio
1404 834 1470 862 tuo
1487 838 1606 879 quan·

862 884 945 912 tam
977 888 1110 914 curam
1137 875 1395 924 adhzhuerbn,
1420 893 1607 936 quamque

861 928 1015 983 cltfficili
1034 932 1075 970 in
1095 946 1138 971 re
1152 943 1266 987 atque
1283 931 1420 989 cauffiz.

919 988 1062 1043 JVquzte
1078 987 1226 1042 totum]
1255 993 1319 1030 Me
1339 991 1460 1045 ipsum
1480 993 1520 1031 in
1530 993 1605 1032 Mi-

861 1041 960 1082 lonis
992 1043 1110 1083 caussa
1139 1046 1209 1084 tibi
1243 1049 1489 1088 commendo:
1516 1062 1605 1088 nam

859 1102 901 1138 in
920 1103 1000 1139 eius
1032 1101 1227 1142 consulatu
1255 1119 1339 1145 mea
1359 1108 1489 1145 omnia
1509 1107 1605 1160 polii

860 1167 899 1196 ta
916 1156 989 1196 effe
1015 1157 1179 1198 decreui.

919 1216 1049 1270 Atque
1077 1212 1220 1266 trudo]
1262 1217 1386 1265 Auget
1414 1231 1603 1257 commen-

863 1269 1069 1311 dationem.
1099 1287 1200 1320 nam,
1217 1270 1398 1321 tradere,
1416 1275 1468 1314 est
1490 1273 1604 1314 alicu-

862 1329 920 1366 ius
933 1331 1109 1381 potestati
1129 1330 1380 1377 committere,
1404 1341 1446 1370 vt
1465 1343 1550 1382 agat
1561 1334 1603 1372 in

860 1398 903 1424 re
935 1385 1072 1425 tradita
1104 1383 1292 1440 quidquid
1329 1385 1433 1427 velit.
1463 1387 1530 1430 lib.
1560 1400 1603 1442 7.

861 1442 965 1494 epist.
986 1455 1021 1496 5.
1085 1444 1220 1483 Totum
1240 1441 1401 1498 denique
1418 1444 1604 1486 hominem

859 1498 934 1538 tibi
958 1497 1086 1540 trado.
1127 1503 1170 1540 Et
1193 1499 1262 1539 lib.
1281 1503 1342 1542 16.
1363 1502 1465 1553 epist.
1489 1513 1525 1554 5.
1553 1503 1605 1542 Ei

859 1566 896 1594 te
925 1565 1049 1595 totum
1075 1556 1202 1598 trade.
1261 1558 1306 1595 Et
1338 1554 1403 1596 lib.
1426 1570 1463 1600 2.
1490 1559 1536 1598 ad
1552 1563 1604 1610 Q

857 1613 917 1651 Fr.
940 1614 1041 1665 epist.
1065 1626 1100 1666 3.
1158 1615 1328 1654 Domum
1348 1615 1404 1653 ad
1418 1630 1504 1655 eum
1514 1617 1602 1671 sta-

856 1671 930 1710 tim
956 1671 1155 1710 venimus.-
1179 1673 1287 1726 eique
1313 1683 1381 1711 nos
1397 1682 1496 1713 totos
1523 1685 1603 1714 tra·

855 1724 1038 1773 didimus.

915 1780 1153 1835 Praecipue]
1201 1785 1408 1839 Praecipue
1449 1787 1601 1827 Cicere-

857 1853 947 1878 nem
977 1839 1209 1880 adiuuerunt
1237 1843 1273 1883 P.
1298 1842 1482 1883 Lentulus
1512 1859 1599 1884 con-

856 1894 927 1944 sul,
974 1898 1175 1950 Pompeius
1212 1901 1374 1948 Magnus
1413 1902 1601 1953 priuatus,

854 1952 966 2001 Milo,
987 1968 1024 1993 et
1046 1956 1085 1994 P.
1114 1956 1271 1994 Sextius*
1287 1957 1435 2009 tcibuni
1461 1956 1597 2011 plebis,

855 2024 952 2063 quos
993 2024 1125 2050 omnes
1170 2015 1345 2052 nominat
1376 2016 1417 2052 in
1451 2015 1599 2056 duabus

854 2069 936 2122 post
955 2067 1128 2109 reditum
1142 2071 1397 2118 orationibus,
1417 2081 1454 2110 et
1467 2070 1573 2113 alibi.

882 2181 884 2185 ,
913 2136 1069 2190 Pietas]
1099 2140 1193 2178 Non
1213 2139 1334 2180 solum
1345 2141 1598 2191 officiumffed

854 2196 973 2248 pietas
995 2197 1122 2234 etiam.
1158 2210 1238 2250 quo
1273 2199 1453 2247 nomine,
1480 2214 1598 2253 quan-

815 2248 1092 2292 *Xum‘Miloni
1112 2252 1260 2300 debeat,
1273 2253 1448 2303 ostendit,
1468 2268 1510 2297 vt
1531 2256 1598 2297 lib.

858 2319 892 2351 ι,
922 2311 1025 2362 epist.
1061 2319 1096 2350 1.
1152 2310 1232 2366 Ego
1251 2315 1353 2352 omni
1379 2312 1522 2366 qfficio,
1549 2330 1597 2356 ac

54 2379 250 2425 Quantum
275 2376 413 2417 Miloni
446 2377 636 2418 deberem.
687 2379 798 2418 Susti-
848 2368 977 2419 P⁶⁸i¹¹5
991 2367 1137 2418 Pietate
1161 2380 1252 2423 ‘rga
1271 2377 1320 2407 η·

54 2444 118 2473 net
140 2436 241 2472 enim
261 2434 377 2474 officii
395 2433 616 2488 plurimum,
633 2436 675 2473 in
684 2448 797 2489 quem

53 2491 238 2532 beneficia
257 2504 392 2542 magna
404 2490 548 2546 ,collata
566 2491 663 2533 sunt.

910 2433 1086 2490 Affiqui]
1117 2435 1299 2490 Assequat
1317 2438 1441 2482 studio
1460 2450 1541 2492 tuo,
1553 2451 1595 2483 vt

853 2492 1002 2549 pius-in
1018 2492 1207 2535 Milonem
1223 2495 1300 2536 fim.

1391 2810 1587 2853 flpts‘ro·
