1863 3172
244 85 326 139 146

243 194 465 239 reuertenti.
548 190 647 232 Milo
665 199 792 230 autem
816 187 985 229 consula-

245 264 327 294 tum
363 252 491 304 petiit,
521 248 625 301 quod
654 248 860 301 Appianas,
893 247 985 293 Dio,

245 310 315 350 alii
356 308 507 353 docent,
543 304 708 344 Caluino
743 314 781 344 et
815 301 985 343 Messalla

245 365 332 407 coss.
352 365 459 403 annis
478 364 574 402 LIV.
594 363 677 415 post
705 375 770 401 eos
799 359 985 408 consules,

245 423 385 478 quibus
415 420 552 459 Cicero
605 427 714 457 natus
760 419 822 465 est,
862 419 986 456 Serra-

245 494 338 520 num
356 485 393 517 et
413 477 667 529 Caepionem:
706 488 874 528 quorum
899 487 987 512 con-

244 535 418 581 sulatum,
441 541 477 572 et
496 546 596 580 eum,
617 546 731 585 quem
750 529 931 570 Caluinus
950 539 988 570 et

171 587 174 591 ⁴
241 590 411 634 Messalla
449 587 660 639 gesserunt,
698 589 771 627 hoc
799 601 988 626 annorum

241 663 406 691 numero
428 643 796 699 comprehendimus.
871 646 985 682 Anno

241 717 369 748 autem
391 703 584 758 petitionis
595 703 736 755 potiuS‚
749 713 862 752 quam
875 713 985 752 pren-

241 764 411 809 sationis,
454 757 650 813 epistolam
686 755 759 796 effe
797 754 987 808 scr1ptam,

240 818 433 861 declarant
452 830 495 855 ea
512 815 631 855 verba
649 814 763 852 initio
785 810 984 865 epistolae:

241 879 336 918 Cum
355 875 424 915 has
440 885 556 928 quam
569 872 740 924 primum
769 870 823 907 ad
840 878 879 908 te
900 879 986 920 per-

232 934 346 988 ferri
366 932 526 971 litteras
550 937 772 979 magnopere
791 924 984 964 vellemzis.

236 986 467 1040 Ingrauescit
485 994 600 1030 aetaS,
617 996 701 1020 cum
721 981 983 1021 deficientibus

237 1050 314 1088 iam
341 1044 513 1097 corporis
542 1040 702 1085 viribus,
731 1037 875 1077 tardius
903 1051 984 1077 mo-

237 1111 377 1144 ventur
387 1099 571 1140 membra.
601 1096 670 1134 hac
689 1093 775 1135 vsus
795 1096 846 1134 est
864 1103 983 1133 trans-

235 1160 382 1201 latione
405 1159 446 1196 in
467 1155 569 1193 libro
595 1154 710 1192 etiam
731 1152 778 1191 de
807 1153 982 1192 Senectu-

237 1227 274 1257 te
294 1232 323 1256 c.
336 1229 374 1257 2.
422 1210 578 1269 Qibus
596 1209 791 1263 facillime
819 1209 982 1263 rationi·

235 1274 304 1317 hus
330 1268 653 1327 ingrauescentem
678 1275 846 1306 aetatem
871 1264 982 1313 ferre

229 1329 416 1386 poffimus.
502 1327 547 1363 Et
581 1321 629 1362 de
658 1323 832 1362 Amicitia
865 1337 894 1360 c.
922 1334 980 1362 ιο.

232 1385 395 1430 Mutari
410 1396 532 1422 mores
542 1380 734 1420 hominum
741 1379 860 1430 saepe
882 1377 982 1419 dice-

234 1442 316 1490 bat,
334 1442 436 1482 alias
456 1437 631 1490 aduetgstk
650 1435 774 1484 rebus,
795 1436 899 1476 alias
917 1448 982 1475 ae·

233 1511 318 1542 tate
338 1495 635 1552 ingrauescente.
672 1492 822 1532 Graues
837 1502 983 1538 aetate,

235 1557 332 1596 dixit
351 1554 484 1593 Liuius
505 1549 570 1590 lib.
584 1563 622 1591 2.
645 1563 673 1588 c.
692 1561 753 1601 ¹9.
774 1558 809 1587 et
832 1547 898 1588 lib.
921 1561 982 1588 10.

236 1610 516 1667 c.34.Grauior
525 1606 847 1654 natu,Terentius
859 1607 900 1644 in
908 1608 983 1645 He-

236 1669 441 1721 aut.A&.4.
454 1667 509 1704 Sc.
526 1676 559 1706 1·
568 1678 606 1703 v.
620 1662 869 1716 32.3Graui0r
879 1675 985 1710 aeuo,

236 1724 421 1776 Virgilius
438 1721 554 1762 lib-2.
576 1722 670 1759 Aen.
698 1721 845 1772 v.436.
882 1720 982 1759 Gra-

237 1785 300 1825 vis
327 1782 452 1827 annis,
484 1779 668 1818 Horatius
702 1775 768 1816 lib.
794 1789 828 1818 1.
865 1777 981 1817 Serm.

239 1843 313 1882 Sat.
334 1851 368 1881 1.
390 1852 427 1877 v.
439 1850 479 1888 4.

300 1892 588 1944 Adolescentia]
633 1891 726 1929 Non
746 1887 865 1928 modo
884 1886 984 1927 sum·

242 1965 308 2011 pta
330 1949 437 1992 virili
456 1959 556 1998 toga,
578 1961 691 2000 quam
710 1945 806 1984 sumi
837 1944 986 1985 solitam

245 2011 318 2053 effe
357 2010 512 2048 ineunte
558 2018 660 2043 anno
707 2004 838 2042 aetatis
867 2005 987 2043 XVII.

245 2068 419 2125 proxime
439 2063 682 2108 ostendimus,
695 2059 756 2099 sed
775 2061 888 2099 etiam
907 2061 989 2114 post

248 2138 392 2165 annum
428 2121 544 2160 XXX.
582 2118 833 2168 adolescentes
879 2131 989 2156 voca-

250 2185 411 2223 bantur;
440 2187 489 2224 et,
511 2177 577 2230 qui
601 2173 865 2225 adolescentes,
876 2173 991 2213 iidem

251 2242 414 2280 iuuenes.
440 2247 541 2280 nam,
560 2245 675 2285 quem
698 2231 758 2269 hic
780 2229 994 2283 adolescen-

254 2307 330 2336 tem
349 2294 483 2331 Cicero
513 2291 702 2339 fignificat,
729 2287 892 2326 eundem
923 2302 993 2327 no·

253 2354 372 2392 minat
433 2350 606 2387 iuuenem
659 2343 725 2384 lib.
746 2358 781 2386 2.
811 2345 858 2383 ad
880 2346 993 2388 Attic.

254 2409 360 2462 epist.
381 2415 437 2445 12.
463 2418 547 2442 culn
564 2416 607 2441 ea
630 2412 755 2441 tamen
775 2400 929 2454 epistola
942 2401 993 2441 se-

253 2477 358 2520 pttm
385 2462 492 2500 annis
519 2471 606 2498 ante
641 2460 736 2497 hanc
767 2457 902 2512 scripta
936 2460 989 2498 fit.

255 2536 343 2561 nam
363 2521 404 2557 in
424 2530 466 2556 ea
495 2515 636 2562 Clodii,
664 2516 900 2555 tribunatum
929 2529 991 2570 pe-

255 2579 384 2622 tentis,
406 2575 473 2627 qui
489 2574 600 2626 petiit
618 2570 775 2611 Caesare
795 2583 833 2612 et
853 2572 990 2612 Bibulo

254 2633 342 2675 coss.
365 2631 509 2670 mentio
532 2631 596 2669 fit:
624 2629 694 2667 hae
723 2643 818 2668 vero
850 2629 896 2668 ad
916 2632 991 2669 Cu-

254 2694 404 2733 rionem
439 2701 592 2733 omnes,
624 2696 774 2738 praeter
805 2684 989 2734 vltimam,

253 2745 515 2800 gratulationis
562 2742 690 2784 officio
744 2742 989 2792 fungentem,

464 80 691 122 PAVLLI
725 76 1019 119 MANVTII
1053 77 1559 118 COMMENTARIVS

1039 187 1205 229 Caluino
1232 200 1272 229 et
1302 189 1470 230 Mess‘alla
1498 189 1585 231 coss'.
1621 187 1780 243 scriptae
1846 222 1847 226 ,

1039 246 1136 286 sunt.
1166 260 1245 298 quo
1268 257 1367 286 certe
1392 261 1494 287 anno
1514 248 1666 288 videtur
1706 249 1783 286 Cu·

1039 305 1098 343 rio
1121 304 1244 341 maior
1266 304 1374 342 annis
1391 306 1506 345 XXX.
1537 303 1671 351 fuisse,
1696 317 1783 342 cum

1040 361 1199 400 biennio
1218 361 1302 413 post
1321 361 1498 400 tribunus
1510 360 1631 415 plebis
1652 360 1783 407 fuerit,

1044 415 1210 469 Sulpicio
1230 425 1267 455 et
1288 415 1472 456 Marcello
1499 426 1585 458 con.
1607 427 1647 457 vt
1681 426 1782 470 patet
1846 459 1848 464 ‚

1044 487 1090 513 ex
1112 474 1214 526 epist.
1225 484 1268 526 7.
1349 475 1408 513 De
1435 473 1569 512 eodem
1592 475 1782 520 Curione,

1043 529 1298 584 quadriennio
1319 530 1413 583 post,
1428 580 1429 583 Ἰ
1444 529 1539 569 dixit
1559 529 1694 570 Caesar
1715 529 1782 569 lib.

1042 601 1082 630 2.
1105 586 1150 626 d'e
1168 585 1257 626 bell.
1277 587 1350 625 ciu.
1381 592 1488 636 c.38.
1525 581 1703 627 Mulium
1730 584 1786 626 ad

1039 645 1135 683 hanc
1153 657 1237 682 rem
1249 641 1495 696 probandam
1513 641 1677 683 adiuuat
1693 642 1781 684 ado-

1038 700 1233 752 leste-ntia,
1265 698 1491 755 magnitudo
1520 699 1654 738 animi.
1735 701 1783 738 In

1040 757 1217 795 oratione
1240 757 1354 794 etiam
1373 769 1446 808 pro
1467 757 1630 794 Murena
1662 768 1693 793 c.
1714 758 1780 797 26.

1039 820 1200 852 vocatur
1232 810 1447 861 adolescens
1474 813 1552 851 Ser.
1582 809 1783 864 Sulpicius,

1041 882 1127 907 cum
1145 869 1276 906 minor
1293 868 1401 906 annis
1433 870 1547 907 XXX.
1570 878 1669 906 certe
1700 881 1781 906 non
1834 876 1843 881 ‘⁷

1041 923 1143 964 effet.
1170 924 1298 964 habita
1320 925 1423 962 enim
1441 938 1464 963 a
1482 926 1670 964 Cicerone
1694 937 1782 962 con·
1819 942 1827 945 ·

1041 980 1121 1021 sule
1148 981 1276 1020 oratio
1305 978 1393 1019 illa:
1441 980 1627 1034 Sulpicius
1655 990 1784 1020 autem

1041 1039 1124 1092 post
1152 1051 1274 1077 annos
1305 1039 1372 1077 XI.
1402 1037 1639 1077 consulatum
1667 1037 1783 1087 geli-it.
1838 1074 1843 1079 .

1040 1098 1085 1135 Et
1104 1093 1169 1134 lib.
1180 1108 1220 1136 2.
1244 1094 1291 1133 de
1316 1096 1421 1133 Orat.
1444 1109 1474 1134 c.
1489 1108 1523 1135 9.
1555 1108 1641 1132 cum
1675 1092 1785 1132 dixis·
1838 1102 1839 1106 ’

1037 1150 1092 1191 set
1117 1150 1163 1191 de
1186 1154 1228 1190 L.
1253 1149 1402 1199 Craffo,
1423 1165 1503 1190 non
1532 1149 1651 1191 multa
1681 1165 1782 1198 eum,

1038 1222 1137 1262 quae
1155 1207 1312 1261 quidem
1341 1209 1540 1255 exstarent,
1573 1218 1610 1246 et
1635 1221 1677 1247 ea
1702 1206 1782 1261 ipsa

1037 1264 1335 1313 adolescentem,
1384 1264 1519 1317 scripta
1568 1263 1781 1318 reliquisse:
1831 1246 1863 1307 ,A

1036 1324 1166 1378 postea
1184 1323 1224 1360 in
1243 1321 1312 1360 lib.
1336 1320 1383 1360 de
1412 1320 1520 1360 claris
1543 1325 1638 1360 orat.
1671 1336 1700 1360 c.
1712 1331 1782 1372 43.

1037 1382 1118 1419 eius
1143 1380 1372 1425 orationem,
1393 1392 1505 1431 quam
1539 1378 1673 1418 habuit
1705 1391 1779 1429 pro

1039 1435 1199 1476 Seruilia
1220 1434 1302 1485 lege
1332 1449 1452 1474 annos
1480 1445 1588 1474 natus
1612 1436 1782 1474 XXXIV.
1797 1444 1807 1446 “

1038 1495 1179 1533 exstare
1199 1493 1389 1542 fignificat.
1443 1492 1560 1540 Qud,
1579 1491 1683 1545 quod
1704 1489 1782 1530 Sal·
1847 1499 1852 1501 ⁴

1038 1549 1170 1590 lustius
1206 1551 1248 1588 in
1281 1550 1559 1589 Coniuratione
1589 1547 1782 1589 Catilinae
1825 1552 1829 1559 ¹

1039 1623 1069 1648 c.
1090 1619 1158 1660 49.
1196 1605 1514 1657 adolescentulum
1543 1604 1707 1659 appellat
1739 1607 1783 1645 C.
1846 1643 1847 1646 ,

1040 1663 1260 1711 Caesarem,
1281 1677 1359 1716 quo
1385 1677 1488 1701 anno
1517 1664 1782 1716 pontificatum

1038 1723 1247 1762 maximum
1299 1723 1350 1760 est
1386 1720 1557 1773 adeptus.
1601 1722 1668 1772 qui
1696 1734 1781 1758 cum

1038 1777 1212 1834 pontifex
1228 1787 1372 1816 creatus
1384 1778 1426 1817 fit
1446 1779 1528 1831 post
1538 1775 1783 1824 aedilitatem,

1038 1834 1210 1876 aedilitas
1229 1844 1356 1874 autem
1374 1848 1395 1872 a
1408 1835 1603 1887 quaestura
1620 1834 1778 1872 biennio

1041 1894 1162 1941 distet,
1179 1902 1216 1932 et
1236 1893 1473 1945 quaesturam
1504 1889 1640 1931 Cacsar
1667 1889 1780 1943 gesse-

1041 1952 1092 1990 rit
1112 1964 1215 1988 anno
1235 1951 1366 1989 aetatis
1387 1951 1558 1989 XXXIII.
1571 1947 1674 2001 quod
1694 1949 1784 1987 Sue·

1044 2008 1175 2048 tonius
1211 2020 1240 2045 c.
1268 2017 1326 2058 13.
1357 2004 1520 2046 declarat
1537 2021 1548 2051 3
1589 2006 1784 2058 pontifica-

1045 2075 1128 2104 tum
1149 2062 1329 2116 consequi
1351 2077 1432 2102 non
1452 2064 1580 2116 potuit
1604 2073 1692 2101 ante
1720 2075 1784 2100 an-

1047 2136 1140 2161 num
1158 2123 1326 2160 XXXVI.
1356 2119 1549 2174 Quodque
1572 2121 1689 2168 magis
1716 2120 1784 2158 mi-
1850 2133 1852 2135 '

1046 2193 1156 2225 rum,
1183 2176 1276 2216 Phil.
1306 2187 1343 2218 2.
1382 2191 1411 2216 c.
1430 2189 1492 2218 11.
1539 2176 1787 2227 adolfientes

1046 2238 1183 2275 Cicero
1210 2245 1322 2274 vocat
1355 2236 1515 2273 Brutum
1543 2242 1580 2272 et
1610 2232 1786 2281 Caffium,

1046 2307 1125 2346 quo
1146 2306 1247 2331 anno
1274 2301 1490 2345 praeturam
1514 2291 1716 2340 gerebant,
1745 2288 1786 2328 id

1048 2352 1112 2397 est,
1155 2361 1258 2388 anno
1315 2349 1446 2387 aetatis
1486 2347 1783 2401 quadragesimo.

1046 2405 1285 2459 eundemque
1320 2407 1480 2445 Brutum
1515 2404 1651 2445 eodem
1682 2417 1785 2442 anno

1047 2461 1320 2515 adolescentem
1366 2460 1531 2516 appellat
1582 2459 1784 2501 Cornelius

1046 2523 1180 2573 Nepos
1213 2521 1255 2558 in
1286 2520 1402 2559 Attici
1431 2520 1509 2558 vita
1537 2533 1567 2558 c.
1590 2526 1626 2569 8.
1645 2527 1682 2557 et
1721 2518 1782 2559 16.

1046 2578 1180 2616 Liuius
1202 2578 1316 2616 etiam
1346 2575 1412 2616 lib.
1426 2588 1465 2630 9.
1486 2586 1593 2629 c.17.
1623 2575 1671 2615 de
1699 2571 1784 2612 Ale·

1047 2633 1194 2674 xandro
1222 2637 1387 2682 Magno,
1417 2633 1486 2685 qui
1513 2646 1615 2671 anno
1650 2631 1784 2670 aetatis

1045 2692 1233 2740 trigesimo
1272 2692 1386 2730 tertio
1409 2689 1510 2728 diem
1534 2690 1656 2736 obiit,
1693 2687 1785 2726 haec

1043 2749 1191 2803 inquit:
1228 2747 1462 2798 Adolescens,
1488 2747 1530 2787 in
1556 2746 1786 2788 incremento

1654 2814 1785 2842 rerum
