1863 3172
237 103 245 111 ‘
303 118 369 157 m
397 119 513 157 cm.
538 117 729 158 131²1sT.
758 118 895 158 FAM.
926 118 1038 158 Liss.
1069 117 1139 156 111.
1179 117 1368 157 EPIST.
1394 119 1476 158 vn.

107 228 288 294 sequitur,
311 240 353 270 vt
375 229 539 270 eundem
558 232 670 271 vobis
691 244 847 284 quoque

98 297 351 340 'aitteponann
380 288 472 340 quid
490 290 607 338 igitur
626 287 811 334 laborem,
823 289 847 326 fi

107 354 148 383 tu
166 345 351 396 me,qua11
371 358 477 383 nom·
481 360 518 384 in
540 345 847 392 hominem,con-

105 402 255 447 temnis,
275 412 312 440 te
333 412 703 455 autcn1,ta1nqnam
739 395 850 439 nobi*-

106 455 195 504 lem,
217 459 343 507 magni
361 457 473 503 facis3
503 473 587 498 cum
618 458 770 503 dixeris,
792 458 848 496 Ci-

106 527 192 553 cero
214 515 334 567 Appio
354 516 487 554 noluit.
529 529 616 554 nam
641 529 705 553 eos
728 515 849 558 viros,

106 582 205 622 quos
229 582 265 608 et
285 571 377 610 mihi
399 582 433 610 et
455 572 522 610 tibi
541 582 751 624 antepono,
784 568 848 608 ali-

108 635 169 666 ter
192 629 401 667 existimare
424 629 550 668 video.

163 697 204 737 Si
222 699 340 738 aliter·
360 696 570 749 existimas]
611 697 648 734 Si
679 693 847 733 dissentis

107 767 130 794 a
153 755 362 809 Pompeio
357 765 393 792 et
411 751 596 796 Lentulo;
622 763 657 790 et
679 751 768 790 ideo
788 765 848 789 me

109 814 336 857 contemnis,
357 812 444 862 quia
468 822 593 848 nouus
617 809 734 846 homo
756 806 846 846 sum.

167 881 286 920 Nihil
300 879 468 929 errabis]
497 881 589 919 Non
613 880 663 917 est
684 879 756 917 hoc
775 879 849 916 fine

111 936 278 990 quodam
329 937 443 989 Appii
495 946 738 988 contemptu:
798 936 848 972 ita

111 996 213 1033 enim
236 992 409 1040 effertur,
435 994 536 1045 quali
571 992 765 1031 rudiorem
788 1005 851 1044 pe-

109 1052 224 1090 ritior
263 1049 406 1097 doceat,
448 1061 484 1088 et
514 1051 639 1102 quasi,
670 1047 848 1087 nobilitas

108 1105 204 1161 quid
225 1107 280 1154 fit,
300 1109 446 1160 Appius
466 1108 643 1156 ignorare
663 1106 850 1145 videatur.

171 1178 237 1224 Vt,
265 1176 361 1233 quid
381 1177 444 1229 sit
475 1187 643 1225 ευγενεικ,
671 1176 768 1232 quid
790 1176 853 1227 fit

110 1191 305 1317 nobilitas,
327 1233 542 1291 ιἰιιιίίίὲαῑ]
583 1239 632 1274 Vt
652 1232 853 1282 intelligas,

111 1301 238 1330 Vtrum
259 1290 360 1328 idem
381 1293 463 1338 sint,
485 1305 532 1328 an
557 1288 657 1330 inter
677 1290 713 1329 se
746 1289 852 1329 diste-

112 1357 236 1387 rant
224 1354 304 1392 eds-ss
308 1366 392 1394 εικ,
423 1358 459 1385 et
496 1347 853 1395 nobilitaS.Q1ali

112 1405 231 1444 dicat:
271 1402 425 1450 falleris,
454 1417 538 1442 cum
569 1403 631 1442 vel
662 1415 698 1442 te
729 1416 852 1456 putas,

114 1463 204 1515 quia
223 1461 265 1499 fis
295 1467 385 1506 εὖγε·
382 1479 434 1504 ης
445 1491 456 1507 ,
493 1461 566 1499 hoc
589 1463 639 1500 est
660 1460 761 1499 cliro
792 1475 854 1509 ge-

115 1532 205 1557 nere
225 1529 347 1556 natus
369 1517 454 1555 ideo
481 1517 651 1557 nobilem
673 1518 758 1564 effe,
790 1517 852 1556 vel

118 1589 194 1622 me,
215 1576 304 1626 quia
327 1590 405 1614 non
426 1574 503 1612 sum
516 1575 666 1620 εὐγενὲς,
679 1586 851 1628 propter-

117 1647 161 1671 ea
182 1630 350 1670 nobilem
377 1630 448 1670 esse
469 1646 548 1670 non
576 1631 690 1684 poffe.
733 1633 854 1683 potest

116 1691 219 1729 enim
238 1694 392 1734 ayss-‘em
417 1688 508 1734 effe,
532 1689 598 1728 vbi
618 1703 697 1727 non
716 1689 758 1726 sit
786 1703 853 1726 no-

114 1744 260 1788 bilitas3
303 1757 338 1784 et
366 1744 570 1792 nobilitas,
599 1745 666 1784 vbi
702 1759 780 1784 non
810 1746 852 1784 fit

117 1809 282 1848 εὐγένεικ.
313 1801 494 1840 nobilitas
525 1803 627 1840 enim
655 1816 675 1839 a
696 1804 850 1840 maiori-

99 1860 187 1899 ⁴bus
208 1873 286 1896 uon
315 1861 508 1910 accipitur,
530 1857 590 1896 sed
611 1861 764 1900 virtute.
775 1872 848 1896 ma

116 1917 275 1968 guisque
314 1916 352 1953 iu
393 1914 664 1967 rempublicam
708 1917 852 1954 meritis

118 1982 370 2025 comparatur.
402 1975 503 2010 Haec
523 1969 596 2011 fuit
614 1972 854 2011 Athenodori

119 2028 324 2068 sententia:
360 2042 474 2080 quam
499 2028 616 2068 homo
648 2043 773 2068 nouus
795 2030 857 2067 Ci-

120 2100 207 2124 cero
225 2085 386 2123 libenter
407 2086 553 2137 probat.
638 2084 854 2125 Aristoteles

92 2148 246 2181 ‘aute-m
271 2144 314 2180 ,in
344 2143 510 2180 Ponticis
543 2140 651 2180 libris
680 2141 855 2181 nobilita-

119 2209 194 2238 tem
214 2201 252 2236 in
273 2201 459 2237 maiorum
480 2197 708 2247 claritate,et
725 2201 767 2237 in
776 2201 858 2254 opi-

119 2257 190 2295 bus
212 2258 333 2308 ponit.

176 2324 509 2377 Sandatzisfilius]
571 2325 686 2362 Patris
716 2338 858 2363 nomen

121 2381 306 2428 adiunxit,
351 2392 390 2420 vt
419 2397 504 2420 eum
537 2381 780 2429 distingueret
809 2382 857 2420 ab

122 2434 254 2478 altero'
278 2439 540 2484 Athenodoro,
578 2440 660 2476 eius
696 2436 857 2489 aequali.

123 2510 224 2542 nam,
244 2505 285 2533 vt
303 2497 354 2532 ait
372 2496 504 2534 Strabo
533 2494 598 2533 lib.
610 2507 650 2547 4.
692 2495 858 2533 Atheno-

122 2552 208 2591 dori
227 2550 303 2589 duo
325 2550 454 2591 fuere:
483 2565 650 2605 quorum
669 2550 777 2597 alter,
790 2553 859 2604 qui

121 2607 297 2648 Cordilio
317 2620 470 2647 vocatus
493 2610 555 2654 est,
575 2622 659 2646 cum
672 2610 723 2647 M.
745 2610 859 2647 Cato-

122 2680 171 2705 ne
191 2666 297 2711 vixit,
317 2675 354 2703 et
377 2664 476 2717 apud
497 2679 583 2704 eum
601 2665 720 2710 obiit;
762 2663 858 2705 alter

119 2735 229 2768 vero,
249 2721 431 2759 Sandonis
453 2719 566 2768 filius,
589 2735 701 2774 quem
733 2729 770 2759 et
788 2723 857 2760 Ca·

121 2780 288 2819 nauitam
306 2792 328 2817 a
346 2778 513 2831 quodam
529 2782 532 2785 ’
546 2780 634 2819 vico
652 2776 857 2833 appellant,

1564 128 1645 169 223

903 229 1073 271 Caesaris
1114 231 1268 278 Augusti
1304 239 1526 284 praeceptor
1558 227 1643 268 fuit.

904 292 960 328 De
1002 288 1074 326 hoc
1106 285 1189 339 ipso
1236 287 1485 327 Athenodoro
1515 285 1646 324 Suidas

905 346 1143 384 mentionem
1163 343 1276 382 facit:
1316 354 1361 383 et·
1386 344 1487 383 idem
1506 343 1647 383 Sando-

907 416 995 440 nem
1015 399 1285 453 philosophum
1317 403 1500 443 nominat,
1520 400 1647 447 huius,

902 459 1058 510 opinor,
1078 456 1315 496 Athenodori
1352 470 1510 510 patrem.

919 560 922 561 ⁷
966 540 1072 579 Ouid
1091 537 1140 579 de
1173 539 1230 579 his
1257 539 1386 595 rebus]
1470 540 1573 590 Qrid
1599 541 1645 580 de

904 597 1140 650 praestantia,
1158 596 1251 649 quid
1271 596 1318 635 de
1335 598 1537 638 nobilitate
1561 598 1647 637 scri-

906 653 1037 707 plcrit.

963 736 1257 791 Amicifflmum]
1278 735 1464 791 Epistolae
1484 735 1646 777 clausula

905 809 985 833 non
1009 805 1107 833 caret
1132 806 1222 833 arte.
1268 793 1361 833 lenit
1383 797 1483 833 enim
1507 797 1646 834 amoris

906 852 1219 890 commemoratio
1245 853 1415 889 animum
1431 853 1558 904 Appii,
1577 854 1648 890 ira·

906 918 986 946 tum
1007 907 1161 947 fortasse
1188 908 1240 947 ob
1270 907 1476 960 superiora.
1511 909 1564 946 ita
1586 909 1649 947 Ci-

907 979 995 1004 cero
1015 979 1094 1003 non
1118 963 1240 1003 solum
1264 964 1408 1012 caussa,
1444 963 1506 1003 sed
1534 965 1649 1004 etiam

909 1021 1150 1061 humanitate
1173 1024 1303 1061 vincit.

965 1104 1167 1146 Laborarz'
1157 1106 1211 1159 m]
1241 1107 1339 1145 Cum
1359 1105 1473 1145 aliis
1464 1121 1503 1144 m
1520 1107 1648 1153 rebus,

911 1161 957 1200 de
978 1163 1116 1214 quibus
1143 1164 1246 1216 epist.
1273 1175 1311 1216 9.
1341 1173 1421 1202 tum
1446 1165 1487 1202 in
1511 1162 1648 1218 suppli-

911 1221 1061 1258 catione
1106 1221 1177 1259 tibi
1209 1217 1460 1267 decernenda,
1495 1220 1542 1259 de
1573 1234 1648 1274 qua

911 1277 1014 1330 epist.
1033 1274 1117 1317 vlt.

964 1360 1043 1415 ⁸Ista
1063 1360 1173 1413 cura]
1214 1363 1297 1400 Hoc
1328 1371 1366 1400 te
1391 1375 1548 1401 mouere
1570 1376 1650 1400 non

911 1415 1053 1456 debuit.
1084 1417 1179 1456 alios
1197 1418 1320 1457 habeo
1349 1417 1506 1471 cupidos
1529 1419 1650 1456 hono-

909 1475 962 1512 ris
983 1477 1071 1520 mei,
1092 1476 1254 1513 maxime
1283 1489 1376 1513 vero
1403 1478 1473 1513 Cn.
1496 1478 1649 1528 Pompe-

909 1531 1010 1569 ium:
1039 1545 1152 1583 quem
1172 1533 1362 1580 fignificat,
1388 1546 1471 1570 cum
1495 1531 1652 1580 aiem-4-

909 1595 1012 1625 τίετκ
1036 1587 1142 1632 Ζεῖἶς.
1183 1589 1318 1627 recitat
1344 1599 1472 1627 autem
1496 1591 1652 1638 Agame-

889 1645 1060 1695 ·mnonis
1105 1647 1222 1684 verba
1267 1644 1372 1698 apud
1414 1648 1650 1694 Homerum,

908 1712 1039 1740 contra
1054 1701 1237 1741 Achillem
1258 1701 1323 1741 lib.
1339 1714 1374 1742 Ι.
1386 1700 1494 1742 Iliad.
1509 1717 1545 1741 v.
1561 1713 1652 1756 174.

907 1759 1027 1810 Apud
1035 1773 1092 1798 me
1102 1760 1174 1799 alii
1185 1773 1340 1815 quoque,
1351 1761 1416 1815 qui
1426 1774 1485 1798 me
1495 1759 1652 1799 honora-

907 1814 1184 1861 bunt,maxime
1193 1830 1282 1856 vero
1297 1815 1540 1868 cotfiliarius
1552 1818 1651 1869 lupi

908 1882 984 1910 ter:
995 1882 1048 1918 vt,
1059 1886 1108 1924 qt
1100 1871 1380 1915 emadmodum
1390 1876 1648 1922 Agamemnon

909 1926 1016 1966 suum
1038 1931 1170 1967 Iouem
1204 1927 1410 1982 appellauit
1436 1932 1649 1978 Nestorem,

911 1984 957 2022 fic
985 1986 1031 2024 de
1061 1988 1242 2039 Pompeio
1275 1988 1409 2025 Cicero
1441 1985 1650 2036 intelligat,

911 2055 933 2079 a
957 2054 1035 2094 quo
1065 2041 1100 2081 se
1127 2044 1247 2081 amari
1275 2044 1520 2082 vehementer
1545 2057 1650 2096 puta·

909 2099 986 2137 bat.
1015 2109 1080 2137 aut
1098 2098 1193 2138 nihil
1212 2102 1368 2153 proprie
1389 2099 1436 2138 de
1456 2101 1650 2152 Pompeio,

912 2153 975 2194 sel
1009 2156 1185 2195 vniutrse
1218 2155 1264 2194 de
1304 2157 1435 2195 amicis
1471 2158 1649 2197 omnibus

915 2211 1022 2260 dixit,
1040 2211 1127 2252 licet
1150 2224 1315 2252 extrema
1348 2214 1510 2253 Homeri
1532 2215 1649 2254 verba

914 2268 961 2308 ad
982 2283 1101 2308 vnum
1129 2268 1304 2324 spet‘ieut.
1342 2268 1509 2309 Fortasse
1536 2272 1650 2312 etiam

914 2340 993 2365 non
1023 2325 1159 2379 scripsit
1185 2329 1321 2365 Cicero
1351 2325 1470 2373 illud,
1502 2324 1650 2368 Μάλιςκ

915 2389 949 2422 δὲ
975 2390 1124 2428 μητίετα
1153 2381 1264 2430 Ζεῖς,
1292 2382 1354 2423 sed
1385 2382 1522 2437 aliquis
1547 2385 1651 2425 addi·

914 2438 983 2484 dit,
1002 2449 1043 2479 vt
1062 2438 1211 2479 versum
1234 2439 1469 2488 absolueret,
1495 2442 1649 2490 ignarus

913 2497 1158 2536 Ciceroniani
1188 2499 1320 2536 moris.
1412 2498 1515 2546 Quid
1548 2502 1651 2540 enim

914 2563 1028 2591 notos
1047 2563 1246 2606 poetarum
1265 2553 1393 2593 versus
1418 2568 1438 2592 a
1459 2556 1583 2606 pritno
1603 2557 1650 2596 ad

914 2608 1091 2648 Vltimum
1113 2612 1355 2650 nominaret?
1400 2610 1574 2664 exemplo
1605 2613 1650 2651 il—

914 2664 981 2704 lud
1006 2668 1057 2705 est
1088 2665 1160 2716 (vt
1189 2669 1363 2706 omittam
1393 2666 1494 2719 alia)
1527 2666 1591 2708 lib.
1611 2673 1649 2714 6,

914 2723 1018 2776 epist.
1036 2728 1098 2772 18.
1154 2721 1230 2768 Τῆς
1252 2725 1279 2764 δ’
1301 2731 1426 2773 ἀρετῆς
1457 2729 1595 2772 ἱδρῶτα.

1466 2835 1513 2877 N
1513 2843 1651 2890 atus-a]
