1863 3172
303 82 370 124 IN
397 81 512 122 CIC.
538 79 728 121 EPIST.
756 81 889 123 EAM.
923 81 1034 121 LIB.
1061 77 1112 121 11.
1147 80 1336 121 EPIST.
1363 81 1428 121 IX.

83 195 304 248 Pompeium
325 193 520 234 discordia.
549 205 632 234 orta
654 197 755 234 enim
775 195 823 234 de

82 251 303 291 succeflione
329 250 536 291 Galliarum
552 253 822 299 controuersia,

80 307 312 361 reliquarum
335 311 620 361 prouinciarum
641 309 821 364 impedita

37 393 40 398 ·
78 363 248 425 succeffio
269 366 333 404 est.
352 364 479 423 libnss·
501 368 604 421 epist.
627 378 662 419 5.

1540 85 1619 136 167

932 197 978 236 In
1004 209 1045 235 eo
1068 194 1266 246 mibisunt
1292 196 1446 245 omnia]
1477 196 1533 234 Sic
1561 194 1615 234 lo-

878 254 1093 306 quebantur
1110 254 1157 291 iis
1180 252 1226 292 de
1245 252 1372 300 rebus,
1392 266 1484 305 quas
1503 254 1617 291 maxi·

879 325 939 349 me
960 309 1023 349 sua
1042 309 1218 350 intercss‘e
1237 310 1532 351 arbitrabantur.

535 432 1021 519 EPISTVOLAE
1081 479 1144 518 1x.

437 571 1256 624 ARGVMENTVM.

189 658 431 699 Gratulatur‘·
447 657 498 699 ‘de
515 669 634 710 parta
656 658 872 704 aedilitate,
895 658 1017 698 Hirro
1036 654 1180 696 deieffo
1192 674 1206 694 .·
1231 659 1271 696 in
1289 669 1400 713 quem
1412 655 1545 709 facete
1563 657 1613 695 io-

18 746 21 749 <
75 726 202 757 eatur.
221 714 335 767 fuam
357 718 398 761 in
429 716 594 756 Coelium
613 713 939 763 beneuolentiam‚
965 716 1046 756 eius
1067 715 1108 753 in
1121 711 1168 767 fi·
1196 715 1337 754 merita
1360 712 1618 769 *demotfirah

77 772 255 814 Moralis
282 773 448 827 epistola.
503 770 645 812 Eodem
665 785 777 811 anno.

550 886 1139 926 EXPLANATIO.

177 984 314 1016 ED1L1
355 984 548 1015 ‚CVRVL1
597 984 823 1015 DESIGNA-

210 1032 298 1085 To]
329 1033 568 1081 Designatum
591 1029 733 1070 summa
753 1031 822 1071 bo-

76 1102 217 1128 norum
236 1087 445 1136 voluntate,
457 1090 509 1127 ait
519 1089 654 1128 Cicero
674 1090 715 1127 in
730 1091 822 1128 Bru·

0 1151 2 1186 Ι
42 1179 49 1183 .
77 1155 119 1186 to
139 1160 169 1184 c.
189 1157 257 1199 79.
278 1160 364 1184 cum
390 1145 439 1185 ad
455 1159 537 1184 eam
558 1145 657 1184 diem
676 1147 822 1199 optime

75 1203 265 1243 animatus
286 1216 374 1252 erga
397 1201 671 1256 rempublicam
686 1201 822 1242 fuiss'et.

138 1286 335 1340 Primum]
396 1289 564 1326 Primum
595 1286 822 1336 gratulatur,

77 1342 216 1384 deinde
252 1345 390 1394 gratias
425 1346 511 1393 agit.
546 1343 606 1383 sed
637 1346 719 1390 hic,
744 1345 823 1396 pri-

79 1414 197 1448 mum,
217 1400 367 1454 posuit;
403 1415 471 1440 nec
493 1399 636 1448 intulit,
665 1400 799 1441 deinde
811 1415 825 1437 .-

80 1458 302 1498 sententiam
332 1468 458 1496 tamen
492 1456 656 1497 absoluit
680 1459 723 1496 in
754 1471 824 1502 eo;

81 1526 120 1555 et
138 1529 224 1556 cum
238 1515 440 1572 gratulor,
465 1525 547 1554 tum
576 1528 662 1554 vero
690 1513 825 1570 quihus

85 1571 216 1613 verbis
241 1569 315 1612 tibi
331 1573 488 1626 gratias
509 1584 648 1627 agam,
675 1585 748 1610 non
766 1585 825 1610 re-

78 1630 206 1683 perio..
253 1626 398 1666 Eodem
425 1626 542 1666 modo
572 1626 638 1666 lib.
658 1638 698 1680 7.
718 1629 822 1681 epist.

47 1694 50 1699 ¹
80 1696 148 1738 23.
168 1699 254 1732 cum
274 1682 433 1731 dixisset,
458 1684 746 1736 pritmtm‚ipsas
757 1697 825 1737 ego

81 1743 219 1794 Mtgsas
247 1744 454 1795 numquam
485 1743 592 1780 tanti
621 1737 828 1794 putqffi’m:

79 1797 230 1847 deinde,
276 1798 543 1851 praeterniisit3
587 1811 656 1836 nec
701 1807 827 1836 tamen

80 1855 343 1910 imperfectam
384 1853 608 1893 sententiam
657 1851 827 1907 reliquit.

84 1912 132 1952 de
150 1926 228 1966 quo
249 1910 316 1950 suo
335 1909 434 1950 loco.
463 1913 509 1949 Et
535 1909 601 1950 lib.
625 1913 662 1955 8.
689 1910 738 1949 ad
760 1914 827 1949 At·

82 1971 144 2011 tic.
166 1969 266 2022 epist.
286 1979 344 2008 11.
366 1978 403 2006 et
432 1966 497 2006 lib.
524 1979 584 2008 12.
605 1966 651 2005 ad
664 1967 827 2006 eundem

83 2028 187 2080 epist.
217 2030 279 2071 18.
299 2034 336 2062 et
356 2026 396 2062 in
418 2022 582 2063 Lucullo
601 2040 630 2063 c.
649 2036 709 2076 17.
744 2026 827 2063 Pri-

84 2096 188 2122 mum
203 2080 367 2134 interest.
406 2083 451 2120 Et
471 2082 573 2134 apud
593 2082 828 2121 Terentium

83 2141 126 2179 in
151 2137 268 2185 Andr,
287 2139 367 2177 A&
397 2139 495 2178 =.Sc.
520 2151 555 2190 3.
575 2152 612 2176 v.
633 2140 670 2179 6.

142 2231 195 2241 ·-
226 2209 397 2250 Primum
417 2210 496 2248 iam
527 2207 576 2250 de
605 2222 731 2248 amore
762 2207 827 2249 hoc

250 2266 443 2317 comperit.
755 2280 765 2285 “

84 2339 210 2385 Qiam
242 2334 574 2385 consuetudinem,
601 2338 744 2375 Graece
774 2336 828 2375 di-

85 2396 184 2433 &am
212 2398 496 2439 ἆνανταπὸδστον,
525 2394 594 2446 qui
621 2394 822 2442 ignorant,

79 2450 314 2504 plurimum,
334 2462 405 2501 pro
419 2452 602 2501 primum,
627 2450 687 2487 hic
712 2464 821 2504 repo-

86 2506 202 2545 nunt:
232 2516 361 2544 contra
392 2516 538 2545 veteres
569 2502 709 2552 libr0}‚
756 2521 822 2546 eos

84 2562 262 2616 quidem,
291 2575 455 2613 quorum
488 2576 557 2611 ego
586 2576 660 2615 ope
685 2565 726 2607 in
749 2564 822 2603 hoc

85 2617 312 2672 explanandi
350 2628 388 2656 et
421 2618 634 2667 corrigendi
665 2624 824 2660 munere

83 2690 184 2714 nunc
198 2686 297 2713 ’.τοι
325 2688 393 2713 nec
414 2677 460 2715 ab
470 2677 529 2714 his
551 2674 822 2728 discr-epatMe-

84 2731 231 2771 diceus:
265 2733 390 2770 ⁴cuius.
421 2732 685 2772 aucam-itatem
711 2735 751 2771 in
780 2748 821 2773 re

877 976 980 1014 bona
997 976 1044 1014 ab
1059 977 1104 1014 iis
1118 973 1189 1015 effe
1208 972 1427 1024 negleffltn,
1441 972 1508 1026 qui
1523 972 1621 1011 eius-

880 1032 966 1071 dem
989 1031 1079 1072 libri
1098 1032 1254 1071 mendas
1275 1034 1388 1071 etiarn
1412 1030 1620 1076 interdum,

879 1089 1073 1129 cuiusdam
1087 1091 1315 1128 constantiae
1327 1087 1460 1134 caussa,
1481 1088 1547 1126 fibi
1559 1086 1622 1125 de-

877 1145 1090 1186 scribendas
1112 1156 1358 1200 putauerunt,
1369 1144 1479 1185 valde
1488 1147 1622 1183 miror.

935 1207 1032 1244 Cum
1048 1203 1262 1257 praesenti,
1291 1214 1373 1242 tum
1396 1205 1512 1242 etiam
1534 1201 1621 1252 spc-

880 1270 969 1300 rata
997 1271 1066 1300 tua
1093 1259 1308 1316 dignitate]
1354 1261 1465 1298 Tum
1493 1256 1623 1297 aedili-

879 1327 968 1364 tate,
987 1327 1073 1356 tum
1090 1320 1203 1356 etiam
1215 1315 1372 1370 reliquis
1393 1316 1624 1362 honoribus,

881 1375 948 1426 qui
968 1374 1198 1414 aedilitatem
1208 1373 1504 1426 consequuntur.
1515 1385 1625 1426 prae-

880 1441 965 1470 tura
986 1433 1088 1469 enim
1112 1431 1272 1471 biennio
1293 1431 1375 1483 post
1393 1428 1626 1469 aedilitatem

881 1487 1055 1535 dabatur,
1102 1486 1317 1526 consulatus
1343 1488 1503 1526 biennio
1541 1487 1625 1539 post

880 1554 1110 1598 praeturam.
1163 1544 1239 1584 Vbi
1257 1543 1355 1591 sunt,
1382 1544 1449 1596 qui
1475 1544 1624 1596 proho-

881 1615 978 1640 nore
1006 1600 1229 1651 dignitatem
1256 1611 1395 1651 negant
1425 1598 1626 1653 vsurpari3

881 1673 962 1697 non
980 1669 1018 1697 et
1043 1659 1102 1696 hic
1122 1660 1257 1697 Cicero
1279 1657 1324 1696 de
1342 1655 1533 1696 aedilitate
1545 1670 1628 1706 gra-

882 1713 1039 1762 tulatur,
1059 1725 1095 1754 et
1112 1714 1283 1754 aedilitas
1303 1715 1430 1753 honor
1442 1715 1515 1753 est?
1535 1728 1627 1752 neu-

884 1782 985 1810 trum
1011 1774 1224 1821 negabitur.
1308 1775 1357 1811 At
1385 1767 1499 1818 alibi,
1523 1772 1628 1810 ῐεᾶο

885 1830 1124 1878 existimatio,
1154 1829 1368 1869 honoribus
1390 1837 1498 1882 parta
1521 1842 1629 1881 prae-

885 1884 984 1924 clare
1011 1888 1144 1935 gestis,
1176 1885 1338 1936 dignitas
1364 1887 1426 1924 est.
1456 1887 1540 1937 quis
1563 1899 1628 1923 ne-

885 1945 971 1992 gat?
1007 1945 1108 1995 quafi
1137 1943 1210 1982 hoc
1230 1941 1312 1995 ipso
1348 1956 1428 1981 non
1471 1940 1628 1981 excellat

884 2002 1020 2039 Latina
1042 1999 1182 2050 lingua,
1205 2000 1309 2052 quod
1341 2009 1377 2038 et
1399 1999 1515 2037 variis
1542 2014 1630 2038 ean-

885 2056 969 2095 dem
995 2071 1077 2095 rem
1094 2058 1255 2104 ⁴·verbis‚
1295 2066 1332 2095 et
1353 2054 1489 2095 eodem
1518 2054 1628 2110 saepe

883 2114 1005 2152 verbo
1026 2115 1132 2153 varia
1157 2114 1347 2162 significet.
1388 2112 1494 2166 quod
1527 2114 1552 2151 fi
1574 2113 1628 2152 di·

877 2172 1026 2220 gustas,
1050 2182 1092 2210 vt
1126 2168 1221 2209 falso
1262 2168 1416 2222 quidam
1449 2168 1628 2222 sentiunt,

883 2241 926 2266 ea
945 2226 1092 2280 semper
1110 2226 1211 2274 effet,
1240 2240 1338 2279 quae
1350 2224 1412 2265 vel
1440 2228 1629 2276 magistra-

883 2295 958 2331 tus,
978 2283 1037 2323 vel
1059 2296 1120 2322 res
1138 2298 1223 2322 cum
1251 2281 1363 2322 laude
1393 2284 1626 2324 administra-

883 2351 937 2379 tas
963 2339 1226 2393 consequitur:
1257 2354 1323 2379 cur
1343 2340 1402 2378 hic
1424 2342 1560 2381 Cicero
1580 2342 1630 2393 de

885 2397 1065 2444 dignitate
1082 2398 1234 2450 potius,
1275 2410 1387 2449 quam
1407 2396 1454 2436 de
1474 2397 1625 2440 honore

878 2453 971 2506 ipso,
992 2454 1094 2492 ’vnde
1113 2464 1240 2492 manat
1259 2453 1433 2502 dignitas,
1462 2456 1625 2500 matula-

880 2512 1009 2549 retur?
1037 2513 1097 2548 cui
1115 2511 1362 2563 probabitur,
1383 2512 1625 2563 Ciceronem,

881 2569 1031 2616 cognita
1055 2567 1179 2605 Coelii
1213 2565 1428 2614 aedilitate,
1456 2582 1534 2607 non
1556 2571 1624 2610 ho·

880 2637 1013 2661 norem
1036 2623 1179 2676 ipsum,
1209 2623 1268 2663 sed
1291 2637 1396 2671 eam,
1416 2638 1530 2676 quam
1557 2628 1626 2667 110-

880 2689 953 2718 nor
982 2683 1103 2732 parit,
1148 2680 1389 2729 dignitate&
1414 2682 1622 2729 gratulari?

879 2747 962 2775 cuin
1003 2736 1222 2789 praesertim
1251 2736 1423 2777 nondum
1460 2741 1616 2781 Coelius

936 2796 965 2831 L
988 2807 1029 2844 4·
1227 2804 1229 2806 ’
1313 2802 1319 2808 “
1432 2796 1439 2802 ’
1505 2801 1618 2849 magi-
