1863 3172
267 81 335 123 IN
361 48 691 123 CIC.›KEPIST.
718 83 854 124 FAM.
889 84 1013 124 LIB.
1036 85 1100 124 IV.
1140 82 1334 123 EPIST.
1365 82 1411 124 1.'

69 196 213 235 &rinae
232 195 495 248 praestantiam
525 195 712 250 Sulpicius
741 196 809 235 ho-

1515 95 1594 140 251

865 198 1016 250 epist.3.
1045 198 1086 235 in
1113 210 1189 250 qua
1216 195 1299 237 sunt
1328 198 1439 237 haec:
1475 199 1608 244 Facile

66 266 201 291 norem
240 250 384 305 semper
431 253 628 301 habuerit,
665 252 809 292 referre
858 257 1005 307 patior,
1025 257 1124 308 quod
1133 253 1287 306 Jlribit,
1294 256 1426 305 secum
1446 256 1606 299 Tullum

66 308 193 353 malin
239 307 350 348 valde
396 323 476 349 non
526 309 809 350 contenderim:

66 366 185 405 modo
205 363 313 413 illud,
332 377 550 419 praecepta,
583 369 628 406 iic
651 368 808 420 accipia-

66 433 142 470 tur,
161 436 239 462 non
260 437 357 476 quae
378 437 398 462 e
418 423 655 464 sermonibus
678 426 824 466 viuen-‚

5 521 8 524 ,
66 481 175 526 tium,
208 479 270 518 sed
297 494 396 533 quae
432 495 477 520 ex
509 481 807 522 dofflssimorum

63 534 172 576 libris
204 548 354 591 acceptu
375 538 456 577 sint.

125 607 180 647 Te
191 608 348 664 frustra
368 606 618 659 inscitatum]
648 607 807 661 Aperite

64 666 202 718 incipit
249 666 475 705 sententiam
529 663 646 711 suam,
693 677 808 717 quam

42 755 45 759 .
64 720 196 777 paullo
219 724 300 776 post
322 720 456 761 clarius
485 723 598 760 etiam
629 720 807 768 ostendit,

66 793 152 818 cum
172 781 238 826 ait,
271 779 406 819 vrbem
437 776 508 817 effe
544 779 618 818 fine
646 775 807 828 legibus,

63 836 230 883 iudiciis,
252 838 347 883 iure,
370 834 467 879 fide3
495 845 536 874 vt
556 837 595 874 in
613 847 656 874 ca
679 836 808 882 bonis,

63 907 108 932 ae
137 891 367 947 sapientibus
396 891 567 939 ciuibus,
597 891 725 945 quales
747 894 806 931 Ci-

66 963 154 989 cero
172 959 209 989 et
241 947 427 1003 Sulpicius
461 949 583 989 habiti
613 948 711 996 sunt,
742 951 808 989 vix

64 1008 142 1046 iam
161 1007 359 1046 honestum
380 1004 452 1046 effe
484 1005 722 1046 domicilium
752 1008 807 1046 vi-

66 1063 232 1104 deretur.
710 1078 712 1080 ·

126 1136 357 1176 Conuentum
367 1133 610 1187 senatorum]
642 1136 743 1175 Nam
759 1133 812 1174 se-

67 1203 177 1232 natus
204 1190 390 1246 appellari
409 1206 488 1231 non
506 1190 632 1239 debet',
661 1194 702 1230 in
732 1205 810 1244 quo

2 1273 4 1275 >
68 1263 138 1289 nec
160 1247 352 1289 senatores
374 1247 496 1297 multi,
517 1262 586 1286 nec
606 1262 743 1288 eorum
768 1247 813 1287 li-

69 1307 174 1353 bera,
199 1316 382 1359 metuque
405 1304 528 1344 so'luta
545 1304 725 1357 voluntas
742 1306 811 1344 est.

69 1378 151 1403 non
169 1365 270 1403 enim
287 1363 439 1402 decerni
457 1361 666 1415 quidquam
678 1363 813 1416 potest,

68 1419 175 1475 quod
194 1423 230 1460 ei
249 1418 453 1473 displiceat,
485 1420 591 1458 cuius
618 1421 723 1458 arma
748 1418 815 1458 do·

70 1477 387 1517 minanturt'erat
408 1476 499 1515 vrbs
529 1475 603 1514 hoe
629 1485 817 1530 tempore,

70 1530 113 1574 ac
143 1545 224 1574 tota
251 1535 327 1572 iam
340 1531 449 1572 Italia
467 1534 508 1570 in
522 1531 691 1571 Caesaris
711 1543 818 1587 pote-

72 1593 177 1640 state,
201 1591 453 1644 Pompeio'in
484 1590 704 1638 Graeciam,
733 1604 820 1628 cum

72 1659 239 1701 vtroque
269 1644 435 1693 consule,
463 1650 506 1685 ae
535 1647 682 1686 maiore
712 1656 819 1702 parte

73 1707 357 1756 magistratuum
381 1703 583 1757 profeCim

90 1814 94 1818 ,
129 1778 243 1826 Eius]
273 1773 453 1821 Caesaris.

130 1848 185 1891 Vt
200 1858 241 1888 te
263 1844 458 1898 imitarer]
497 1848 560 1889 „Vt
580 1848 683 1888 *irem
702 1848 743 1885 in
766 1844 819 1886 se-

75 1915 219 1945 natum.
247 1903 287 1943 id
319 1904 420 1942 enim
452 1901 594 1942 Caesar
611 1904 820 1957 cupiebat:

76 1977 138 2010 ne,
161 1960 314 2001 absente
334 1961 529 2012 Pompeio,
543 1992 547 1997 s
562 1960 670 2000 fimul
698 1960 821 2001 abeffe

76 2013 290 2073 respublica
320 2015 528 2058 videretur.
575 2015 724 2069 locutus
755 2032 818 2057 au-

77 2087 156 2117 tem
174 2085 255 2116 erat
273 2073 459 2127 Sulpicius
481 2075 521 2112 in
542 2072 739 2114 senatu-de
754 2089 818 2128 pa-

79 2148 133 2182 ce,
154 2142 191 2172 et
210 2131 256 2172 de
270 2131 485 2184 Hispaniis:
518 2131 623 2184 quod
643 2134 820 2185 proxime

78 2189 340 2239 subiungitur:
388 2197 521 2226 contra
548 2202 664 2241 quam
684 2186 822 2229 Caesar

81 2245 248 2287 volebat.
279 2245 410 2298 itaque
439 2244 525 2292 hoc,
553 2255 596 2284 vt
629 2256 667 2285 te
693 2247 822 2286 imita-

80 2317 159 2351 rer,
175 2305 420 2357 interpretor,
438 2312 480 2341 vt
497 2304 571 2341 iret
592 2302 747 2355 quidem
758 2305 822 2344 Ci-

83 2373 172 2399 cero
193 2362 235 2399 in
256 2358 437 2405 senatum,
458 2372 538 2397 non
559 2369 685 2397 tamen
707 2369 751 2401 vt
765 2375 824 2400 ea-

85 2416 183 2464 dem,
214 2429 312 2468 quae
341 2414 545 2467 Sulpicius,
578 2415 625 2454 de
656 2429 760 2468 pace,
787 2428 825 2457 et

83 2473 131 2513 de
152 2472 341 2526 Hispaniis
370 2471 523 2512 diceret.
611 2475 719 2520 Qiae
739 2488 825 2514 cum

84 2532 221 2571 Cicero
243 2528 279 2567 se
306 2528 494 2568 dieiurum
516 2528 743 2578 ostendisset,
761 2545 826 2586 ego

84 2601 187 2634 vero,
209 2587 335 2638 inquit
359 2583 506 2631 Caesar,
537 2586 606 2638 zfla
635 2588 711 2626 dici
727 2590 825 2630 nolo.

86 2643 140 2683 lib
165 2655 202 2696 9.
224 2642 269 2681 ad
284 2643 394 2680 Attic.
417 2643 519 2694 epist.
540 2649 601 2690 ¹8·
630 2643 741 2683 Iuiffe
761 2658 825 2683 au-

86 2698 393 2753 temSulpieium
421 2698 492 2737 hoc
513 2708 685 2751 ternpore
710 2703 749 2740 in
771 2700 826 2740 se·

87 2766 232 2806 natum,
259 2754 422 2796 ostendit
450 2753 517 2795 lib.
542 2762 604 2796 1⁷0.
621 2756 682 2798 ‚ad
705 2759 827 2812 ‚Attia

864 321 903 350 et
926 312 1102 349 Seruium
1128 311 1271 366 questos
1301 312 1385 366 cjffl‘,
1416 316 1506 367 quia
1532 330 1607 356 non

864 365 966 406 idem
988 366 1085 419 sthi,
1121 367 1225 422 quod
1265 370 1369 417 mihi,
1401 371 1606 426 remg‘sgffet.

833 463 839 466 ,
863 423 1025 462 homines
1054 425 1262 464 ridiculos!
1307 429 1374 480 qui
1400 442 1483 466 cum
1498 430 1608 482 filios·

863 477 1040 534 mg'fiffbnt
1055 478 1111 519 ad
1121 480 1186 520 Cn.
1210 483 1426 534 Pompeium
1448 487 1608 526 circum.

850 535 1076 633 angutiam,
1106 538 1184 590 ipsi
1203 540 1242 577 in
1264 540 1447 590 senatum
1476 546 1608 584 venire

894 608 915 632 u
943 604 1098 633 (tarent.
1202 601 1203 604 ’

920 662 993 705 Me
1014 679 1100 704 cum
1120 665 1295 721 rogaret]
1309 667 1482 709 Formiis.
1504 672 1611 723 quod

866 735 911 761 ex
933 719 997 760 lib.
1010 734 1048 774 9.
1072 721 1120 760 ad
1139 723 1248 761 Attic.
1280 725 1383 776 epist.
1402 731 1464 774 18.
1486 739 1522 767 et
1544 739 1613 782 19,

866 777 1127 828 intelligitur.-
1268 819 1273 822 f
1315 800 1317 803 .

921 850 984 888 De
999 847 1110 902 p'ace]
1165 854 1215 890 Vt
1247 862 1424 901 ageretur
1454 854 1501 895 de
1521 870 1610 897 con-

866 906 996 946 cordia
1017 906 1200 955 Caesaris,
1222 918 1259 948 et
1279 911 1463 963 Pompeii.
1524 922 1534 936 1'

922 977 986 1016 De
1004 979 1061 1017 Hi
1075 978 1221 1032 paniis]
1253 981 1405 1020 Senatui
1433 996 1512 1022 non
1535 982 1613 1037 pla-

866 1048 964 1082 cere,
996 1034 1207 1091 Caesarem¹
1227 1038 1269 1075 in
1295 1037 1494 1092 Hispanias
1525 1055 1615 1081 con·

868 1102 926 1133 tra
947 1094 1118 1149 Pompeii
1149 1092 1293 1143 legatos
1328 1096 1527 1150 proficisci.

925 1160 1228 1216 DiHasz112t]1n
1247 1164 1389 1214 senatu,
1409 1178 1616 1223 antequam

871 1218 1011 1261 Caesar
1029 1221 1102 1260 iret
1130 1223 1169 1260 in
1187 1220 1409 1276 Hispanias.

872 1331 876 1334 .
924 1276 1080 1333 Qstendi
1107 1293 1165 1318 me
1185 1277 1250 1332 else
1278 1280 1489 1336 dic'lurum]
1529 1287 1616 1326 Lib.

874 1345 938 1376 10.
958 1333 1005 1373 acl
1021 1336 1130 1374 Attic.
1163 1338 1265 1389 epist.
1293 1336 1335 1378 1.'
1376 1340 1494 1395 Qud
1513 1340 1619 1396 estem

870 1390 918 1431 de
936 1404 1029 1444 pace
1044 1388 1230 1443 diflurus,
1252 1392 1342 1435 dixi
1350 1411 1364 1448 ,-
1401 1397 1476 1449 ipse
1504 1399 1619 1440 valde

869 1445 1108 1502 repudiauit.
1406 1500 1409 1502 ‚

933 1520 1009 1560 Res
1032 1518 1139 1565 ,vides
1166 1533 1238 1575 quo
1263 1521 1370 1562 modo
1381 1523 1430 1574 fi·
1453 1524 1621 1569 habeant

876 1585 990 1616 ERN.
1025 1576 1119 1616 Rem
1141 1575 1263 1626 vides,
1283 1592 1353 1632 quo
1371 1580 1482 1621 modo
1492 1584 1541 1633 se
1555 1584 1621 1624 ha·

874 1631 980 1685 beat]
1004 1633 1204 1680 ¹Perditum
1229 1636 1462 1689 reipublicae
1484 1641 1620 1682 statum

877 1690 1121 1738 demonstrat,
1142 1702 1184 1730 vt
1205 1695 1403 1734 confirmet
1428 1697 1533 1748 quod
1564 1699 1619 1738 di-

875 1748 945 1794 xit,
965 1745 1062 1786 nihil
1078 1749 1154 1798 iam
1174 1747 1261 1796 effe,
1290 1748 1378 1790 licet
1397 1751 1620 1808 colloquan-

876 1815 953 1850 tur,
981 1805 1023 1842 in
1049 1817 1128 1857 quo
1165 1804 1398 1858 reipublicae
1438 1812 1622 1864 opitulari

875 1861 1025 1915 poss'mt.
1067 1862 1271 1911 Notandus
1291 1866 1417 1905 Latini
1436 1866 1622 1911 sermonis

876 1916 986 1958 vsus:
1015 1932 1095 1958 rem
1113 1917 1238 1973 vides-‚A
1259 1935 1331 1976 quo
1360 1922 1469 1963 modo
1482 1926 1529 1976 se
1557 1929 1622 1969 ha-

877 1973 991 2015 beat:
1020 1988 1108 2029 pro,
1129 1975 1250 2023 vides,
1269 1991 1347 2030 quo
1367 1980 1486 2020 modo
1505 1982 1542 2022 se
1561 1999 1622 2024 res
1656 1973 1657 1976 Ἴ

875 2031 1032 2076 habeat:
1072 2042 1114 2072 vt
1150 2031 1250 2085 apud
1279 2035 1458 2076 Coelium
1492 2038 1558 2081 lib.
1585 2030 1643 2091 8.-

877 2089 980 2142 epist.
1007 2099 1069 2129 10.
1112 2089 1224 2144 Nosti
1240 2090 1490 2144 Marcellum,
1508 2111 1625 2152 quam

875 2143 1016 2187 tardus
1035 2156 1072 2185 et
1092 2155 1234 2196 parum
1254 2147 1391 2200 efficax
1407 2150 1470 2202 fi't.
1492 2163 1529 2192 et
1554 2152 1622 2195 lib.

881 2206 947 2255 14.
973 2200 1021 2240 ad
1045 2204 1156 2243 Attic.
1189 2205 1291 2256 epist.
1310 2217 1377 2247 21.
1393 2196 1404 2206 ⁸
1425 2208 1540 2264 Nosti
1568 2215 1625 2252 vi-

879 2273 990 2306 rum,
1013 2273 1129 2313 quam
1148 2260 1281 2300 tefflus.
1335 2264 1393 2302 Sic
1410 2257 1623 2308 Terentius
1639 2311 1642 2313 ,

879 2316 923 2354 in
952 2313 1112 2369 Adelph.
1134 2318 1214 2356 Λᾶ.
1228 2316 1378 2373 &se-4·
1397 2334 1513 2364 v.20.

938 2400 1057 2441 Illum
1086 2412 1131 2441 vt
1150 2403 1273 2453 uiuat,
1295 2395 1443 2457 optaht,
1461 2429 1515 2440 -
1578 2430 1581 2434 ‹

883 2481 919 2511 et
935 2469 1089 2510 Plautus
1102 2473 1142 2510 in
1154 2472 1237 2512 Aul.
1249 2476 1328 2514 A&
1341 2486 1376 2516 2.
1399 2476 1445 2519 sc.
1458 2490 1495 2520 2.
1507 2495 1543 2521 v.
1553 2468 1625 2536 46.

900 2600 902 2602 Ι
937 2580 988 2590 -
1019 2549 1215 2615 Qoniam
1243 2571 1285 2599 tu
1315 2575 1386 2613 me,
1418 2575 1459 2604 et
1485 2579 1550 2623 ego
1579 2580 1629 2618 te,

994 2614 1204 2671 qualissts,
1218 2617 1314 2667 scio.

883 2708 929 2738 et·
959 2698 1095 2738 Caesar
1141 2698 1206 2740 lib.
1237 2714 1271 2742 ι.
1317 2702 1364 2743 de
1414 2705 1502 2746 bell.
1531 2708 1629 2750 Gall.

884 2771 920 2797 c.·
936 2767 1004 2810 39.
1064 2757 1171 2807 Rem,
1200 2757 1532 2814 frumentariam,
1585 2777 1631 2806 vt

1520 2821 1629 2875 satis
