1863 3172
190 134 275 177 272

191 233 396 284 intelligit?
459 232 537 271 cari
584 229 687 268 enim
732 226 819 267 sunt
853 241 932 266 non

194 306 327 333 omnes
356 290 548 333 omnibus,
576 285 638 325 sed
668 298 802 324 omnes
835 282 931 323 suis:

184 361 234 389 ret
258 351 352 401 quiav
375 359 488 384 nemo
518 343 598 382 fere
629 344 701 389 est,
731 343 799 394 qui
825 354 932 380 carus

194 405 308 445 alicui
332 416 410 442 non
432 402 492 446 [ης
522 400 611 439 ideo
639 400 846 448 generatim
875 412 934 436 re-

192 465 253 503 ἃς
272 463 409 500 Cicero
447 458 555 504 dixit,
577 455 692 509 *quod
725 454 863 495 deinde
893 456 935 493 in

194 528 320 574 partes
363 514 563 560 diuiditur,
586 511 872 567 (indignamur,
890 510 943 566 si

193 577 280 632 quis
298 572 476 628 ntfirum·
491 571 654 611 interiit.

255 640 472 694 cadauera]
528 643 708 680 Inter-itus
730 640 938 693 opidorum

197 703 250 742 est
281 701 438 740 euerfio.
465 709 551 752 apte
569 699 696 747 igitur,
735 696 938 737 cadauera.

255 769 447 821 Cohibere]
474 768 544 810 Vel
564 767 746 813 cohihere,
765 767 806 805 in
826 767 939 806 timo-

194 843 237 870 re
258 829 411 874 mortis,
429 841 499 866 nec
527 824 780 866 vitam'hane
797 824 915 872 magis
928 852 940 869 ,

195 899 312 940 quam
333 883 476 932 deceat,
509 882 689 932 diligere3
719 894 804 919 cum
824 879 939 932 opida

182 954 356 997 'quoque
399 939 564 980 eimdem
595 953 679 977 cum
718 937 940 976 hominibus

195 1002 395 1041 interitum
412 997 646 1051 exspeffitent:
677 992 739 1033 vel
759 992 942 1040 cohibere,

198 1071 271 1112 pro
311 1054 504 1104 colligere,
539 1052 646 1107 quod
681 1052 732 1089 est
768 1060 940 1089 accurata

198 1115 429 1164 cogitatione
457 1114 648 1151 'rationem
684 1107 940 1161 perpendere:

198 1182 241 1212 vt
258 1170 325 1210 lib.
351 1179 383 1209 1.
416 1170 517 1223 epist.
533 1181 570 1221 9.
602 1165 742 1216 Collegi
769 1164 842 1216 ipfi
867 1177 939 1210 me,

197 1240 238 1269 et
254 1241 340 1267 cum
362 1227 444 1279 ipsa
465 1225 580 1280 quosi
605 1221 797 1276 republica
829 1221 941 1261 collo·

197 1297 309 1326 cutm
331 1282 429 1331 sam.

255 1348 453 1394 Hominbm
473 1363 511 1391 te
530 1347 592 1402 eff}
613 1352 762 1399 natum]
807 1347 851 1386 Id
875 1348 938 1396 est,

199 1427 308 1457 eum,
339 1412 399 1449 cui
425 1406 619 1448 moriendi
653 1406 841 1445 neceffitas
870 1407 939 1444 im-

198 1468 373 1523 pendeat.
410 1465 512 1506 v'nde
551 1463 647 1502 illud
678 1468 938 1512 Anaxagorae,

149 1540 153 1541 ⁷
198 1527 377 1564 nunciata
403 1521 473 1561 filii
511 1531 647 1567 morte,
677 1521 849 1572 sciebam
883 1534 940 1558 me

195 1581 359 1635 genuisse
384 1581 598 1624 mortalem,
628 1577 794 1627 Tusc.'3.
824 1592 854 1615 c.
875 1588 940 1628 24.

201 1654 279 1692 quo
306 1634 480 1692 spetss'tass‘e
515 1637 684 1674 arbitror
711 1644 864 1687 poetam
897 1633 940 1671 il·

199 1696 293 1743 lum,
314 1709 398 1734 cum
416 1691 690 1744 Telamonem,
712 1690 840 1729 audita
860 1692 944 1729 Aia-

201 1754 252 1792 cis
275 1752 344 1796 filji
367 1765 470 1798 nece,
499 1750 684 1788 dicentem
711 1748 883 1787 induxit:

257 1824 335 1881 Ego
355 1835 441 1862 curn
452 1823 581 1876 genui,
607 1831 691 1860 tum
709 1820 941 1859 moriturum

357 1880 479 1931 scim',
500 1888 534 1917 et
554 1879 589 1916 ei
606 1879 662 1916 rei
670 1877 826 1931 fiestuli.

199 1967 245 2004 In
271 1963 403 2003 eadem
438 1961 556 2002 Tusc.
587 1977 615 2001 c.
634 1974 694 2015 ¹3.
739 1964 782 2001 Et
802 1962 863 2000 hic
887 1962 944 1999 in-

198 2022 278 2062 fra:
307 2021 485 2077 quoniam
505 2019 611 2058 homo
632 2017 889 2070 natafucrat.

255 2089 378 2132 Modo
397 2105 470 2131 vno
493 2101 658 2140 tempore
678 2100 735 2128 tot
753 2091 834 2128 viri
863 2089 941 2127 cla-

199 2148 349 2202 rifflmi]
380 2147 588 2200 Emphafim
618 2146 759 2185 habent
788 2143 940 2194 fingula.

199 2208 362 2255 Omitto,
389 2206 528 2256 inquit,
559 2214 700 2243 vetera.
740 2202 857 2246 modo
884 2204 941 2239 in-

199 2265 356 2301 teritum
377 2261 504 2301 vidisti
527 2273 564 2299 et
585 2263 774 2307 virorum,
810 2270 846 2298 et
869 2257 936 2297 cla·

199 2320 442 2365 riffimorum,
473 2328 508 2356 et
525 2317 759 2364 multorum,
792 2326 830 2355 et
860 2330 938 2355 vno

198 2385 385 2429 tempore.
424 2389 490 2413 cur
509 2377 657 2423 angeris
687 2371 737 2412 ob
771 2371 940 2411 amissam

201 2435 312 2471 vnius
350 2430 594 2470 mulierculae
621 2428 848 2478 animulam,
879 2432 940 2468 cui

199 2499 325 2528 tamen
346 2491 540 2527 communi
563 2498 719 2527 naturae
748 2485 829 2536 lege
858 2501 940 2525 mo-

198 2545 377 2599 riendum
397 2544 603 2598 aliquando
625 2545 724 2584 fuit?

259 2617 385 2656 Tanta
406 2615 627 2668 deminutio]
657 2618 751 2655 Non
766 2613 872 2667 qtnd
891 2616 939 2653 ab

197 2674 364 2725 imperio
385 2671 518 2726 populi
538 2675 698 2712 Romani
726 2682 854 2721 gentes
877 2672 940 2710 de-

168 2728 368 2783 „secet-int,
390 2728 451 2767 sed
468 2729 573 2781 quod
606 2728 712 2768 ciuili
746 2727 873 2776 bello,
902 2739 940 2767 et

198 2784 443 2835 veetigalium
471 2785 640 2836 sunaus,
676 2787 732 2827 et'
752 2787 938 2834 maiestas,

415 118 639 160 PAVLLI
665 114 951 169 MANVTII
979 111 1488 168 COMMENTARIVS

987 240 1030 276 ac
1050 228 1151 266 vires
1170 228 1283 268 etiam
1303 226 1438 281 populi
1457 227 1634 273 Romani,
1653 240 1731 265 eae-

989 285 1033 323 fis
1054 292 1112 322 tot
1127 283 1328 331 hominum
1345 284 1529 331 millibus,
1554 284 1731 322 imminu-

990 351 1051 380 tae
1071 341 1152 379 sint.
1655 339 1659 344 ”

1047 411 1183 448 Omnes
1197 411 1437 462 prouinciae]
1484 410 1606 459 Italia,
1645 425 1743 450 cum·

993 465 1130 505 Caesar
1166 466 1388 518 Pompeium
1423 468 1553 508 eiecit:
1599 467 1734 522 Hispa-

991 525 1068 571 nia,
1094 537 1179 562 cum
1197 525 1372 576 Pompeii
1389 521 1530 572 legatos
1557 531 1601 564 'et
1628 538 1733 563 exer-

995 583 1111 619 citum
1133 582 1173 618 in
1195 578 1297 618 suam
1318 582 1539 632 potestatem
1565 581 1732 630 redegit:

993 639 1163 684 Graecia,
1186 651 1271 675 cum
1291 635 1414 689 ipsum
1433 640 1654 691 Pompeium
1673 637 1736 677 de·

992 696 1104 734 vicit:
1152 698 1352 746 Aegyptus,
1387 694 1486 733 vnde
1517 697 1735 742 victoriam,

992 766 1073 789 non
1093 751 1168 791 fine
1204 754 1306 789 vitae
1335 749 1531 803 periculo,
1565 763 1736 804 reporta-

992 810 1068 847 vit:
1100 808 1194 854 Asia,
1214 817 1373 860 propter
1392 808 1634 855 Pharnacem,
1662 809 1736 847 Mi-

994 863 1168 903 thridatis
1186 866 1285 912 regis
1308 862 1440 903 filium,
1463 879 1574 917 quem
1586 863 1736 912 Caesar,

994 918 1222 960 Alexandria
1239 930 1449 969 reuertens,
1478 920 1586 960 nullo
1617 936 1734 971 nego·
1798 952 1804 957 -

994 980 1050 1017 tio
1070 976 1280 1029 superauit:
1328 977 1469 1026 Africa,
1497 981 1537 1017 in
1560 993 1636 1032 qua
1662 981 1737 1018 Sci·-

994 1036 1152 1088 pionem
1194 1043 1231 1073 et
1268 1034 1402 1073 Iubam
1446 1049 1574 1085 regem
1619 1038 1735 1076 vicit:

995 1090 1218 1144 Hispaniam
1239 1089 1380 1139 rursuS,
1399 1093 1440 1130 in
1463 1107 1538 1145 qua
1556 1093 1628 1132 hoc
1644 1104 1737 1133 tem-

996 1162 1091 1201 pore
1122 1147 1257 1186 caesar
1290 1147 1420 1186 consul
1450 1152 1512 1188 IV.
1555 1150 1737 1190 aduersus

995 1207 1171 1257 Pompeii
1212 1203 1356 1244 liberos
1396 1205 1540 1245 bellum
1569 1194 1737 1257 geressat.

995 1273 1144 1301 motum
1156 1263 1195 1300 in
1208 1261 1329 1301 Gallia
1348 1261 1456 1301 fuifl'e
1469 1262 1617 1303 nullum
1628 1265 1737 1317 puto.

1053 1330 1337 1385 Conqnaffiztae]
1381 1336 1532 1387 Impetn
1558 1334 1649 1375 belli
1686 1335 1738 1375 la·
1798 1299 1804 1339 f

994 1389 1216 1436 befa&atae‚
1235 1391 1488 1429 incommodis
1519 1403 1556 1432 et
1587 1392 1737 1432 calami-

994 1448 1134 1486 tatibus
1155 1446 1324 1487 affeetae.
1357 1462 1428 1501 pro
1458 1450 1586 1488 Sextio
1616 1466 1645 1490 c.
1670 1454 1736 1495 26.
1795 1442 1809 1495 ,Ἴ
1832 1446 1858 1477 ·’

992 1505 1126 1543 Etiam
1146 1515 1298 1544 exteras
1325 1507 1495 1544 nationes
1515 1507 1623 1547 illius
1644 1510 1736 1548 anni
1778 1533 1786 1538 ›

985 1560 1126 1613 furore
1163 1557 1424 1616 conqustfztos
1450 1563 1681 1608 videbamus.

1055 1633 1313 1672 Mulierculae
1332 1634 1526 1687 animula]
1555 1637 1737 1674 Deminu-
1778 1680 1782 1684 ,

997 1690 1044 1728 tis
1065 1691 1285 1728 nominibus
1307 1691 1450 1729 iactura
1470 1689 1596 1731 leuior
1617 1694 1738 1732 osten-

999 1746 1114 1785 ditur.

1054 1818 1174 1856 Homo
1191 1819 1304 1868 nata]
1355 1820 1469 1869 Nata,
1499 1828 1540 1859 vt
1574 1833 1740 1860 morere·
1800 1806 1817 1854 ι’

997 1884 1073 1913 tur.
1109 1877 1228 1914 morti
1267 1877 1367 1913 euim
1397 1876 1571 1915 homines
1600 1876 1741 1916 deben-

999 1942 1073 1970 tur.
1104 1930 1233 1984 paullo
1251 1942 1359 1971 ante:
1395 1935 1593 1972 Hominem
1613 1946 1648 1972 re
1672 1932 1740 1989 effe

998 1999 1147 2026 natum.
1231 1990 1431 2028 Hominem
1465 1992 1601 2028 incerti
1630 1990 1738 2038 sexus

994 2047 1171 2084 Donatus
1197 2043 1287 2084 dicit
1307 2045 1392 2093 esse,
1415 2061 1499 2085 cum
1530 2045 1627 2086 illud
1657 2050 1739 2086 Te-

998 2103 1114 2140 rentii
1131 2104 1172 2140 in
1201 2104 1295 2140 Eun.
1326 2105 1458 2146 Aeta.
1490 2102 1584 2158 stag.
1613 2118 1650 2145 v.
1669 2107 1737 2157 64.

999 2160 1291 2212 interpretatur:

1194 2230 1382 2275 Illumne,
1423 2227 1578 2280 obfi‘cro,

1053 2285 1286 2340 Inhonestum
1305 2287 1499 2334 hominem,
1520 2300 1625 2340 quem
1642 2289 1740 2326 m'er-

1163 2355 1274 2382 catm
1300 2343 1349 2394 est
1378 2341 1480 2391 here,
1499 2344 1625 2395 senem
1658 2358 1739 2383 mu-

1162 2399 1289 2438 liorem
1299 2401 1319 2438 ?

997 2472 1042 2509 Et
1076 2468 1227 2509 Plautus
1269 2473 1310 2509 in
1341 2471 1426 2511 Cist,
1458 2471 1588 2520 Αᾶἰ.4.
1623 2471 1676 2508 Sc.
1699 2481 1736 2512 2.

997 2541 1034 2567 v.
1055 2540 1118 2568 21.
1147 2529 1325 2568 Hominis
1361 2527 1519 2577 mfirae
1552 2527 1738 2578 misereri.
1774 2548 1790 2570 ,·

997 2582 1082 2622 Alii
1101 2596 1228 2623 tamen
1247 2583 1356 2623 aliter
1377 2584 1554 2623 sentiunt.

1051 2671 1183 2710 Etiam
1203 2682 1246 2710 tu
1260 2669 1308 2709 ab
1323 2669 1420 2720 histo
1443 2667 1551 2709 rebus
1568 2667 1740 2706 am‘mum

996 2740 1043 2765 ac
1060 2731 1328 2782 cogitationem
1348 2737 1458 2764 ERN.
1471 2725 1525 2765 ad
1542 2725 1739 2781 cogitatio·

996 2798 1081 2825 nem
1099 2795 1210 2826 tuam
1221 2781 1358 2836 auom]
1376 2781 1516 2824 Nescio
1530 2791 1607 2836 quo
1620 2778 1738 2821 modo

1636 2849 1736 2878 men·
1802 2835 1821 2847 ²
