1863 3172
152 128 235 171 370
381 114 611 155 PAVLLI
637 111 926 152 MANVTII
953 111 1472 154 COMMENTARIVS

155 230 273 270 altera
291 228 448 274 efficiat,
478 236 520 266 vt
549 228 742 279 pacatiore
774 226 906 263 animo
1020 224 1193 266 Nullum
1215 223 1387 279 sensum]
1470 229 1528 265 De
1548 240 1628 279 quo
1651 241 1705 272 ta-

153 286 358 328 Mescinius
394 286 577 322 iniuriam
614 282 712 322 ferat
720 298 731 327 3
772 281 905 328 altera,
959 296 1049 321 men
1071 280 1247 322 dubitare
1266 282 1368 322 visus
1389 285 1500 323 estin
1519 287 1621 339 epist.
1639 293 1703 332 16.

151 354 197 385 vt
216 345 381 381 humana
414 342 559 387 omnia,
591 353 677 378 cum
707 340 798 378 abfit
829 337 905 377 cul·
960 338 1024 378 sed
1051 342 1270 379 orationem
1296 343 1464 393 tempori
1495 355 1705 386 accommo-

151 415 216 454 pa,
245 413 291 437 ne
310 407 419 452 putet
453 399 495 435 in
529 395 639 436 malis
670 395 743 436 effe
771 409 904 435 nume·
960 396 1037 436 dat.

154 456 286 497 randa.

1017 501 1060 541 Si
1079 513 1137 541 me
1155 499 1313 556 diltgis]
1371 502 1573 543 Dubitatio
1602 506 1708 547 vide-

962 568 1048 605 tur,
1078 571 1176 610 quae
1206 555 1311 595 nulla
1341 566 1470 597 tamen
1502 562 1564 600 est.
1604 563 1708 606 valet

965 616 1082 662 enim,
1103 628 1176 669 pro
1197 627 1330 653 amore
1365 615 1406 652 in
1427 629 1488 654 me
1514 627 1605 665 tuo,
1632 635 1708 674 pm

965 686 1012 711 eo
1037 682 1223 724 quantum
1249 685 1311 709 me
1332 670 1482 721 diligis,
1512 683 1550 712 ct
1579 677 1619 714 iu
1647 692 1709 717 ex-

963 739 1084 768 trema
1103 727 1272 783 epistola,
1302 743 1361 767 me
1395 731 1528 777 velim,
1561 733 1710 786 inquit,

965 797 1010 825 vt
1019 786 1140 837 facis,
1156 783 1314 841 defigas,
1333 787 1401 838 qui
1425 784 1532 826 locus
1561 803 1606 829 ex
1635 791 1712 831 hoc

223 841 317 880 Vita
337 838 522 894 ingenua]
553 840 678 886 Qnam
699 850 800 875 nunc
814 845 906 874 tem·
964 841 1247 882 dubitationem
1269 841 1382 885 tollit,

163 911 259 953 pora
290 897 470 948 eripiunt,
510 893 615 947 quod
653 895 757 933 enim
799 891 909 931 senti·
1342 906 1346 908 ·

212 528 319 567 Sicut
340 539 462 564 omnes
479 524 579 578 fere]
638 523 755 573 Qlod
777 517 904 577 repre-

155 583 323 625 hendere
354 591 551 635 coeperat,
590 580 738 620 excusat
766 579 905 620 multo·

157 655 242 681 rum
273 638 461 692 exemplO.
499 638 714 688 nam‚fere‚
735 638 843 682 dixit,
857 651 906 676 ne

158 699 323 737 omnin&
344 696 580 749 superiorem
600 696 679 736 eius
702 693 906 733 mollitiem

160 753 361 795 excusaret.

165 969 263 1001 mus,
289 952 422 1005 eloqui
441 950 562 991 libere
590 961 626 990 et
641 952 808 1000 ingenue
829 963 909 988 non
1023 945 1195 998 Seruius]
1255 945 1299 986 Et
1315 948 1495 1001 fimare,
1526 962 1562 991 et
1591 954 1710 1004 infir.

165 1010 264 1051 licet.
964 1004 1064 1051 vire,
1094 1013 1130 1042 et
1150 1001 1373 1056 indulgere,
1401 1017 1437 1045 et
1466 1007 1616 1064 ohfiqui
1644 1025 1710 1050 va-

225 1083 348 1122 Beata
367 1090 405 1119 et
424 1078 568 1128 libera]
611 1079 728 1118 Nunc
745 1075 912 1116 miserri—
965 1059 1145 1109 laudini,
1175 1060 1325 1102 dicitur.
1355 1061 1420 1102 lib·
1451 1067 1515 1108 16.
1546 1068 1648 1119 epist.
1669 1079 1707 1121 9.

169 1154 230 1182 ma
254 1148 292 1180 et
315 1137 514 1179 seruiente.
972 1125 1035 1167 17.
1060 1124 1124 1167 18.

1497 2829 1725 2889 rAvaJ
