1863 3172
269 146 339 186 IN
366 143 476 184 CIC.
506 141 701 183 EPIST.
726 142 861 183 FAM.
888 140 997 181 LIB.
1026 139 1094 179 111.
1123 137 1312 179 EPIST.
1339 137 1407 178 111.

127 261 172 300 In
193 273 230 299 eo
240 261 410 314 genere]
442 256 540 298 Vide
564 255 660 295 illud
677 283 688 304 ,
708 257 750 296 in
769 269 807 296 eo

63 328 215 370 genere,
233 314 298 354 lib.
319 326 355 374 2t
377 315 480 368 epist.
505 326 534 353 1.

129 372 203 413 Tm·
229 371 378 423 corfi'ls't'
402 369 478 426 est]
508 373 578 411 Tu
599 368 808 410 considera-

68 431 140 469 bis.
203 431 318 482 Appii
349 427 610 482 prudentiam,
639 437 675 466 et
702 424 807 465 fimul

68 485 290 526 modestiam
317 483 420 524 suam
440 514 452 532 ,
494 486 561 537 qui
583 481 679 522 nihil
706 492 809 536 petat

67 543 310 591 nominatim,
341 540 513 582 ostendit.

126 598 311 640 Pluribus
347 597 499 651 verbis]
559 592 734 636 Clausula
771 596 812 634 in

67 653 203 712 primis
251 655 379 696 efficax
427 654 475 693 ad
517 652 813 705 impetrandum.

70 722 213 753 namet
236 727 278 752 ea
307 713 498 758 nominat,
528 723 624 762 quae
653 723 813 749 mouere

0 793 5 801 ι
69 772 242 824 Appium
270 770 453 812 debeant3
486 776 523 806 et
550 766 587 805 id
618 764 739 819 ipsum
760 776 813 804 ta-

73 842 159 866 men
181 825 399 872 diminuunt,
421 839 468 863 ne
493 821 664 862 diffidere
686 822 813 863 videa-

72 893 135 924 tur
162 895 227 923 aut
255 885 368 939 Appii
395 880 609 930 voluntati,
635 890 702 921 aut
727 894 815 936 pru-

74 941 234 983 dentiae.

1520 148 1602 192 213

918 251 1017 305 Res]
1055 252 1157 294 Cum
1184 253 1238 301 is,
1265 253 1331 306 qui
1363 252 1601 306 prouinciam

865 310 1060 351 successori
1087 309 1228 357 tradit,
1259 306 1415 364 operam
1441 313 1604 352 omnino

865 369 954 407 dare
968 367 1116 415 debeat,
1129 366 1189 407 vel
1204 367 1365 406 honoris
1377 366 1445 416 sui,
1457 367 1518 407 vel
1531 370 1603 407 rei-

867 422 1040 477 publicae
1069 423 1209 472 caussa,
1231 434 1273 463 vt
1291 438 1373 464 eam
1393 438 1508 478 quam
1528 439 1605 464 ma-

865 482 966 521 xime
984 489 1124 532 aptam,
1153 479 1451 534 explicatamque
1473 482 1609 524 tradat.

925 539 1000 578 Pro
1009 538 1074 587 st]
1105 538 1266 587 Cutem
1282 551 1353 590 pro
1376 538 1454 592 ipsa
1473 554 1514 578 re
1525 538 1609 593 plu-

869 608 911 634 ra
932 592 1078 638 dicam3
1111 608 1196 632 cum
1217 592 1302 632 satis
1321 595 1399 648 ipsa
1417 609 1488 649 pro
1507 597 1607 638 selo-

869 652 1033 706 quatur?
1065 660 1169 703 patet
1189 652 1303 697 enim,
1316 652 1408 703 quid
1430 663 1466 691 te
1487 656 1525 693 in
1538 666 1611 695 tra-

869 707 992 748 denda
1011 708 1125 754 mihi,
1149 710 1204 747 tui
1223 707 1494 757 mnantiffimo,
1524 725 1612 764 pro·

868 767 995 812 vincia
1013 764 1137 804 facere
1158 774 1345 818 oporteat.
1499 800 1502 804 ,

930 824 1173 875 Voluptatem
1191 820 1256 875 eff}
1272 824 1491 879 capturum]
1514 825 1614 866 Cum

873 879 991 919 officii
1015 893 1076 917 me
1101 880 1158 917 tui
1190 893 1421 930 memorem,
1449 892 1611 934 gratum·

873 950 948 991 que
968 935 1183 987 cognosces-

538 1053 1035 1121 EPisToLAE
1090 1074 1160 1117 111.

439 1188 1252 1242 ARGVMENTVM.

185 1294 439 1348 Significatfi
461 1293 702 1344 Brundisium
721 1289 873 1350 vemffiq
900 1305 984 1333 cum
1003 1291 1130 1341 Fabio,
1152 1294 1273 1347 Appii
1298 1294 1436 1348 legato,
1454 1296 1621 1341 locutum

75 1350 163 1406 effb:
186 1363 386 1406 antequam
415 1351 464 1391 ab
483 1351 574 1390 vrbe
599 1349 830 1401 disi-ederet,
868 1348 968 1389 nihil
994 1364 1019 1388 a
1045 1348 1188 1402 fi’natu
1215 1353 1416 1400 decretum,
1452 1350 1634 1405 Sulpicio·

75 1402 117 1449 ἑο
125 1408 217 1460 aſsde
235 1417 474 1465 repugnante,
492 1418 534 1446 vt
550 1406 637 1460 fiais
664 1406 867 1460 Bibulique
885 1405 1090 1458 legionibus
1120 1408 1162 1446 in
1187 1409 1306 1448 Italia
1315 1408 1618 1462 supplementum

69 1465 316 1518 scriberetur.
373 1465 475 1505 Petit
504 1465 621 1510 idem,
645 1461 748 1519 quod
771 1465 813 1502 in
831 1464 1014 1514 proxima
1040 1461 1215 1514 epistola,
1232 1475 1275 1504 vt
1295 1467 1440 1519 Appius
1461 1467 1504 1505 in
1538 1476 1619 1507 tra-

76 1520 200 1562 denda
222 1522 423 1574 prouincia
451 1523 653 1560 commodet
664 1519 742 1573 fibi
770 1531 884 1574 quam
903 1520 1068 1560 maxime
1084 1519 1217 1574 potest,
1240 1523 1457 1575 praecipue,
1478 1535 1535 1574 ne,
1550 1536 1618 1563 nu-

75 1591 218 1618 merum
236 1577 397 1618 militum
417 1577 627 1622 imminuat.

553 1689 1143 1730 EXPLANATIO.

76 1792 380 1877 Brundisium]
414 1794 490 1833 Vbi
517 1792 720 1833 duodecim
737 1808 815 1834 am-

165 1850 264 1906 plius
291 1850 385 1897 dies,
425 1860 461 1889 et
490 1849 719 1891 valetudinis
757 1853 814 1890 in—

76 1907 294 1956 commodo,
307 1917 344 1946 et
354 1908 534 1955 Pontinii,
544 1905 656 1957 legati
671 1907 741 1956 sui,
751 1923 811 1948 ex-

74 1967 303 2023 spectatione
331 1974 588 2005 commoratus
608 1966 670 2004 est.
681 1963 748 2005 lib.
774 1975 811 2019 ς.

72 2025 121 2065 ad
142 2024 255 2063 Attic.
275 2022 378 2075 epist.
393 2027 428 2067 8.

130 2078 356 2132 Praqszh'io]
391 2079 452 2118 Ob
474 2088 619 2119 metum
646 2079 809 2119 Parthici

72 2135 178 2180 belli.
449 2145 451 2150 ’
577 2181 581 2183 ἡ

130 2191 456 2246 Supplementum]
486 2196 536 2232 Vt
554 2191 602 2231 ad
619 2193 728 2233 binas
756 2191 809 2231 lc-

69 2252 225 2301 giones,
245 2264 337 2303 quas
357 2259 394 2288 et
413 2250 573 2297 Cicero,
591 2260 628 2289 et
650 2247 809 2290 Bibulus

68 2308 215 2354 habuit,
237 2308 368 2360 copiae
382 2305 624 2346 adderentur.

124 2361 255 2403 Bibuli
266 2362 282 2415 ]
312 2365 383 2404 Cui
393 2364 495 2408 Syria
516 2364 716 2412 obtigerat,
726 2365 809 2417 post

70 2417 240 2462 Crassum
258 2434 278 2458 a
299 2421 445 2459 Parthis
469 2419 723 2460 interfeehirn.

128 2476 391 2532 Legicmeilms]=
407 2475 623 2516 Plutarchus
644 2491 729 2516 cum
744 2477 809 2518 Ci-

72 2547 211 2573 cerone
243 2535 285 2572 in
321 2532 495 2574 Ciliciam
537 2533 643 2573 iuiffe
681 2544 811 2573 narrat

73 2589 274 2630 duodecim
292 2588 411 2628 millia
431 2590 614 2644 peditum,
627 2591 710 2631 vduo
726 2590 810 2630 mil-

73 2647 138 2694 lia,
151 2659 187 2686 et
198 2645 388 2686 sexcentos
403 2650 560 2699 equites,
579 2656 809 2701 quamquam

75 2705 116 2743 in
140 2705 310 2755 equitum
345 2717 505 2742 numero
537 2704 703 2758 suspicor
738 2704 810 2744 esse

76 2759 268 2799 mendum.
297 2774 375 2797 non
409 2763 509 2799 enim
542 2775 626 2800 cum
662 2762 809 2801 duabus

76 2815 289 2866 legionibus
323 2826 447 2855 tantus
483 2817 636 2861 videtur
668 2820 812 2872 equita-

871 1803 932 1834 tus
966 1793 1040 1834 esse
1068 1793 1242 1848 potuifl‘e.
1298 1795 1367 1842 nisi
1395 1797 1421 1836 fi
1452 1795 1615 1847 sexcenti

870 1853 1048 1899 Romani,
1077 1851 1375 1905 reliquitomnes
1404 1858 1611 1913 auxiliarii,

869 1919 975 1948 extra
1003 1908 1198 1959 ordinem,
1232 1919 1337 1949 metu
1362 1909 1500 1957 scilicet
1526 1922 1613 1961 Par.

868 1966 960 2005 thici
981 1967 1192 2018 equitatus:
1223 1968 1290 2020 qui
1307 1969 1388 2020 post
1417 1970 1532 2015 Crasti
1545 1992 1609 2017 ne-

867 2034 948 2061 cem
967 2024 1169 2064 imminere
1191 2025 1372 2063 Romanis
1397 2034 1607 2079 prouinciis

863 2078 1078 2120 videbatur.
1130 2122 1131 2125 Ἴ
1415 2101 1423 2109 2

919 2151 1121 2205 Sulpicius*
1137 2151 1291 2206 conficl]
1318 2159 1394 2198 Ser.
1417 2159 1605 2214 Sulpicius

863 2207 1000 2256 Rufus,
1026 2221 1072 2247 ex
1091 2210 1194 2249 tribu
1220 2213 1425 2262 Lemonia,
1445 2219 1540 2257 iuris
1557 2226 1608 2260 ci..

863 2263 951 2304 vilis
992 2267 1227 2314 cognitione.
1255 2270 1460 2322 excellens3
1498 2276 1632 2322 cuius‘

863 2321 1094 2376 praeclaram
1111 2324 1293 2370 habemus
1313 2331 1518 2384 epistolam,
1531 2352 1606 2392 qua

863 2383 1090 2421 Ciceronem
1112 2387 1324 2428 consolatus
1347 2391 1397 2429 est
1413 2389 1528 2447 lib.4.
1541 2411 1579 2452 5.

919 2450 1116 2508 Pastinum
1133 2457 1181 2508 se
1209 2461 1398 2516 negaret]
1445 2466 1508 2506 Ne
1544 2483 1606 2510 ex-

864 2511 1083 2551 hauriretur
1111 2513 1294 2555 militibus
1315 2520 1435 2566 Italia,
1456 2524 1479 2560 fi
1498 2524 1604 2566 forte

864 2566 1053 2608 delcetum
1085 2585 1274 2612 nouarum
1297 2578 1494 2631 copiarum
1514 2592 1604 2625 tem-

866 2639 961 2678 pora
985 2617 1217 2679 reipublicae
1235 2633 1482 2684 postularent<

919 2709 1058 2751 Multa
1078 2713 1197 2768 quelli
1210 2714 1369 2773 finnus]
1398 2723 1476 2772 Ego
1497 2734 1533 2764 et
1547 2728 1605 2766 Bi-

866 2766 991 2805 bulus.
1027 2779 1247 2821 nutantiumv
1268 2778 1450 2830 loque-uui
1472 2796 1537 2830 ger
1548 2798 1603 2822 us.

867 2823 912 2860 fic
945 2822 1059 2873 alibi,
1091 2831 1215 2871 multa
1239 2845 1390 2887 peccas,
1412 2846 1448 2875 et
1481 2839 1607 2879 multa

927 2882 963 2920 Ο
995 2894 1017 2933 3
1522 2893 1611 2939 deos
