1863 3172
311 111 381 152 IN
411 109 526 152 CIC.
556 111 750 151 EPIST.
788 110 926 150 FAM.
958 111 1063 150 LIB.
1087 112 1117 150 1.
1154 110 1346 151 EPIST.
1367 111 1394 153 1.

85 226 237 282 perium
274 224 395 265 maius
422 234 515 273 erat,
561 238 676 279 quam
721 238 828 279 prae-

87 285 202 324 toris:
231 296 317 322 nam
338 281 468 322 consul
491 285 685 336 praetoris‘
700 296 827 321 crean-

86 341 124 380 di
145 343 202 379 ius
224 340 399 387 habebat,
422 353 500 378 non
522 351 651 379 contra
672 350 827 392 praetor

85 396 260 437 consulis.
291 393 476 436 et'consul
495 398 542 436 ab
558 397 827 436 omnibusma-

83 455 298 504 gistratibus
350 468 513 494 auocare
566 455 826 499 comitiatum,

82 513 384 563 contionemque
411 520 580 563 poterat:
624 521 778 563 praetor
804 522 826 546 a

50 598 57 609 .«
80 567 234 607 ‚consule
268 582 347 606 non
375 578 547 621 poterat:
590 565 696 619 quod
725 565 825 619 apud

83 623 250 664 Gellium
272 623 337 663 lib.
354 635 416 676 13.
439 637 467 677 ς.
485 636 547 675 14.
564 634 626 675 15.
657 620 824 662 Mess'alla

82 681 203 720 docet.
290 686 532 732 Quamquam
562 691 687 718 autem
707 682 825 733 impe-

82 741 184 778 rium
206 736 295 776 efl'et
320 739 358 774 in
379 737 487 782 vrbe,
506 750 620 776 nemo
643 746 768 776 tamen
779 750 824 775 ex

81 795 236 835 vrbanis
257 794 532 842 magistratibus
553 797 764 846 imperator
774 795 824 832 cst

80 850 301 906 appellatus,
321 850 381 890 sed
405 850 476 889 hoc
497 865 638 890 nomen
659 852 704 889 iis
718 849 824 890 dum·

81 918 195 955 taxat,
214 910 281 959 qui
302 909 508 946 exercitum
533 908 730 956 haberent,
759 908 823 947 tri-

79 966 149 1006 bui
171 964 322 1003 solitum
345 965 407 1011 est,
429 967 543 1020 etiam
579 976 666 1004 ante
695 978 824 1018 quam,

79 1037 122 1062 re
151 1022 249 1061 bene
277 1022 387 1070 gesta,
413 1022 662 1075 imperatores
692 1023 739 1061 ab
764 1035 825 1062 ex·

80 1081 200 1119 ercitu
221 1076 484 1118 salutarentur.
521 1080 725 1132 Imperium
741 1091 825 1132 pro·

80 1136 250 1177 vinciale
268 1134 405 1188 duplex
424 1135 509 1183 fuit,
531 1150 650 1175 vnum
677 1150 697 1174 a
721 1135 822 1175 sena-

79 1205 120 1233 tu
142 1193 283 1240 dmum,
300 1206 343 1231 ex
361 1191 442 1242 lege
456 1192 651 1240 Cornelia,
672 1194 746 1232 fine
765 1207 822 1232 ar-

80 1253 173 1294 mis3
201 1248 363 1288 alterum
383 1264 402 1288 a
415 1249 574 1303 populo,
587 1264 632 1289 ex
653 1248 734 1300 lege
748 1252 822 1290 Cu-

79 1309 189 1354 tiata,
208 1321 293 1345 cum
309 1309 436 1346 armis.
466 1306 553 1346 vide
574 1309 677 1361 epist.
700 1319 739 1360 9.
781 1308 823 1345 in

80 1375 264 1404 extreme.

102 1446 114 1456 ›.
137 1421 317 1470 RIbulus]
347 1422 400 1458 M.
413 1418 643 1474 Calpurnius
653 1419 824 1470 Bibulus,

81 1475 222 1532 plebeii
243 1479 404 1525 generis,
431 1477 603 1517 Caesaris
631 1480 672 1517 in
694 1477 823 1517 aedili·

81 1546 179 1581 tate,
206 1545 405 1587 praetura,
442 1534 636 1574 consulatu
667 1533 823 1585 collega,

79 1591 327 1643 eiusdemque
342 1590 627 1638 inimiciffimus,
641 1594 822 1646 Pompeio

78 1649 208 1695 etiam,
229 1649 279 1687 ob
301 1648 470 1689 Caesaris
493 1648 730 1696 affinitatem,
749 1649 822 1688 hoc

80 1718 254 1758 tempore
293 1705 483 1744 infensus:
528 1705 617 1745 ideo
649 1708 820 1760 priuatos

80 1762 327 1809 decernebat,
374 1776 416 1801 vt
467 1775 554 1800 eum
593 1761 821 1803 excluderet.

78 1821 250 1872 Pompeii
270 1820 546 1858 obt1·e61atores
565 1817 734 1867 Bibulus,
748 1821 821 1859 Cu-

79 1879 153 1925 rio,
184 1875 333 1916 Crassus
383 1873 626 1929 appellantur
682 1875 748 1916 lib.
781 1891 820 1919 2.

79 1933 126 1973 ad
146 1935 277 1982 QFr.
298 1933 400 1986 epist.
424 1945 460 1985 3.

133 1989 371 2040 Confidares]
401 1992 526 2042 Atque
557 1989 671 2035 etiam
690 1988 822 2028 cousu-

81 2046 155 2086 les:
187 2060 286 2093 uam,
307 2057 349 2085 vt
369 2048 421 2085 est
439 2048 480 2084 in
498 2044 652 2099 epistola
663 2045 821 2099 sequen-

79 2107 123 2152 ti,
140 2101 268 2143 Bibuli
286 2101 509 2143 sententiam
529 2100 670 2155 ,valere
696 2105 822 2157 cupie-

81 2170 183 2200 runt.

137 2217 361 2266 Seruilium]
407 2218 434 2255 E
465 2230 626 2255 numero
655 2215 821 2256 consula-

63 2271 193 2321 'rium,
214 2274 281 2326 qui
301 2272 552 2313 assentiuntur
571 2272 721 2320 Bibulo,
746 2285 820 2313 tres

82 2331 239 2383 excipit3
266 2328 481 2377 Seruilium,
495 2331 562 2383 qui
583 2332 742 2370 omnino
763 2345 821 2370 re·

80 2387 168 2426 duci
187 2396 298 2435 negat
317 2398 518 2440 oportere,
548 2388 653 2426 cuius
683 2388 820 2440 proba-

81 2457 157 2484 tam
177 2456 197 2481 a
221 2442 349 2482 senatu
366 2442 601 2490 sententiam,
634 2443 695 2482 sed
715 2458 737 2483 a
755 2446 820 2483 tri-

78 2501 193 2542 bunis
230 2497 350 2553 plebis
388 2500 640 2548 intercessum,
675 2500 819 2542 indicat

79 2559 184 2612 epist.
195 2568 235 2610 7.
256 2554 482 2604 Volcatium,
511 2559 579 2611 qui
596 2559 819 2612 Pompeium

77 2615 270 2658 decernit3
304 2612 515 2662 Afranium,
535 2616 603 2667 qui
622 2613 819 2655 assentitur

76 2669 265 2710 Volcatio.
319 2671 394 2709 Hic
414 2671 465 2710 est
483 2671 519 2711 P.
541 2669 721 2710 Seruilius
745 2677 817 2712 Va-

65 2722 131 2769 }ia
150 2726 347 2773 Isauricus,
370 2728 437 2780 qui
455 2741 541 2768 cum
558 2724 627 2782 Ap.
638 2727 816 2777 Claudio,

76 2786 116 2828 Ρ.
126 2783 268 2832 Clodii,
286 2782 482 2826 Ciceronis
510 2784 678 2834 inimici,
693 2795 814 2841 patre,

1570 130 1628 172 31⁴·

884 223 1131 265 consulatum·
1174 224 1277 274 gestit
1332 228 1374 265 A.
1419 228 1465 268 V.
1525 233 1622 286 674.

885 283 1136 336 triumphauit
1168 282 1215 321 de
1252 281 1387 322 Isauris
1415 299 1459 325 ex
1489 288 1625 330 Cilicia

884 342 928 378 A.
949 343 1044 394 679.
1078 338 1178 378 vnde
1217 338 1372 379 Isaurici
1410 357 1624 393 cognomen

883 399 1045 448 accepit:
1073 409 1151 447 quo
1178 397 1291 435 ctiam
1309 398 1428 438 filium
1450 403 1543 450 eius,
1555 406 1627 456 qui

884 465 968 491 cum
988 451 1148 493 Caesare
1168 453 1296 492 consul
1315 454 1401 504 fuit,
1423 457 1528 498 vsum
1551 459 1624 500 effe

884 509 1013 549 video.
1069 508 1215 549 Censor
1230 508 1305 549 fuit
1324 526 1407 552 cum
1435 517 1474 556 L.
1494 517 1626 565 Cotta,

885 578 925 605 vt
947 581 989 606 ex
1001 565 1216 613 Valerio,et
1235 565 1432 609 Plutarcho
1447 570 1532 612 licet
1547 573 1625 613 col-

882 622 1012 672 ligere.
1050 625 1144 662 vixit
1171 622 1217 661 ad
1248 636 1367 663 annos
1399 628 1545 668 LXXX.
1580 641 1624 670 vt

883 679 976 719 Phil.
990 691 1027 720 2.
1047 695 1076 719 c.
1091 691 1126 731 ς.
1150 679 1311 719 indicat:
1342 691 1379 721 et
1395 684 1542 731 Strabo,
1553 690 1623 738 qui

882 736 1020 790 scripsit
1053 737 1245 776 historiam
1277 735 1379 776 suam
1413 740 1629 794 imperanto

882 795 1065 841 Tiberio,
1086 807 1172 832 cum
1201 807 1221 833 a
1253 792 1289 832 se
1317 794 1438 836 visum
1467 795 1627 841 testatur

878 849 944 891 lib.
962 862 1023 893 12.
1057 851 1177 900 obiit,
1207 861 1247 891 vt
1275 853 1350 890 Dio
1380 853 1524 908 lib.45.
1553 855 1624 896 do·

880 919 951 956 cet,
976 909 1146 947 Antonio
1177 919 1213 948 et
1244 907 1443 950 Dolabella
1475 912 1562 952 coff.

940 966 1176 1016 Volcatium]
1215 967 1257 1005 L.
1279 964 1494 1008 Volcatium
1519 968 1622 1009 Tul-

879 1021 973 1070 lum,
992 1025 1058 1075 qui
1082 1036 1166 1060 cum
1192 1025 1246 1062 M.
1275 1023 1444 1063 Aemilio
1472 1027 1622 1081 Lepido

881 1082 926 1119 Α,
969 1083 1013 1119 V.
1064 1082 1159 1132 687.
1219 1079 1452 1121 consulatum
1503 1085 1619 1133 geffit.

937 1135 1054 1189 Lupo]
1084 1139 1119 1174 P.
1140 1135 1285 1176 Rutilio
1314 1139 1426 1191 Lupo
1459 1135 1621 1182 tribuno

878 1192 1012 1248 plebis,
1043 1193 1148 1245 quod
1185 1207 1228 1232 ex
1262 1194 1417 1247 epistola
1447 1195 1621 1250 sequenti

879 1248 1126 1299 cognoscitur.
1174 1262 1330 1303 praetor
1355 1266 1458 1292 anuo
1492 1257 1621 1308 primo

881 1305 1003 1346 ciuilis
1049 1305 1141 1346 belli
1192 1309 1414 1361 Pompeium
1459 1310 1621 1359 secutus,

881 1364 1058 1404 Achaiam
1079 1365 1257 1404 obtinuit.
1285 1364 1350 1405 lib.
1367 1373 1402 1414 3.
1431 1367 1480 1406 ad
1507 1370 1620 1410 Attic.

883 1422 986 1475 epist.
1021 1433 1083 1461 12.
1129 1419 1193 1460 lib.
1231 1433 1270 1473 9.
1323 1425 1483 1476 epist.'1.
1522 1426 1622 1465 Cae·

881 1478 938 1517 sar
959 1475 1026 1516 lib.
1047 1490 1082 1519 1.
1102 1477 1148 1517 de
1166 1476 1254 1517 bell.
1279 1480 1351 1518 ciu.
1372 1494 1400 1518 c.
1413 1493 1481 1533 24.
1501 1492 1537 1522 et
1550 1481 1621 1524 lib.

882 1548 918 1588 3.
940 1549 969 1573 c.
984 1547 1047 1586 55.
1221 1572 1224 1575 .
1499 1550 1507 1555 ·’
1596 1568 1597 1571 ¹

936 1590 1161 1645 Referente]
1199 1593 1292 1631 Non
1324 1591 1370 1631 de
1400 1592 1620 1637 reducendo

878 1661 965 1697 rege
987 1659 1147 1695 tantum,
1168 1647 1229 1687 sed
1256 1658 1297 1688 vt
1321 1664 1342 1688 a
1362 1651 1543 1704 Pompeio
1561 1667 1621 1692 re-

879 1704 1099 1744 duceretur:
1130 1705 1234 1758 quod
1258 1716 1361 1759 patet
1388 1721 1433 1746 ex
1462 1709 1619 1761 epistola

879 1761 1061 1814 sequenti.
1110 1764 1174 1801 Ius
1204 1774 1330 1802 autem
1360 1762 1550 1804 referendi
1577 1768 1620 1806 in

879 1818 1008 1857 senatu
1028 1819 1204 1858 tribunos
1225 1818 1346 1873 plebis
1359 1820 1541 1870 habuisse,
1554 1823 1618 1863 vel

878 1876 939 1914 hic
970 1874 1074 1914 locus
1110 1876 1291 1916 ostendit:
1336 1877 1397 1916 sed
1436 1879 1619 1923 accedunt

879 1947 959 1971 nou
986 1932 1103 1972 modo
1121 1932 1364 1986 epistolarum
1391 1937 1618 1985 testimonia,

882 1988 945 2030 16.
967 1988 1111 2038 lib210.
1140 1999 1177 2029 et
1201 2004 1234 2031 1.
1260 1990 1324 2030 lib.
1338 2005 1377 2033 2.
1405 1992 1452 2030 ad
1484 1996 1538 2043 Q
1556 1997 1617 2033 Fr.

879 2060 1014 2085 verum
1049 2048 1161 2085 etiam
1190 2049 1421 2088 orationum.
1461 2064 1548 2089 nam
1575 2053 1620 2090 in

879 2117 921 2143 ea
945 2117 1015 2156 pro
1036 2104 1162 2142 Sextio
1181 2115 1289 2155 c.31.
1315 2106 1452 2144 Ninnii
1469 2107 1617 2147 tribuni

878 2159 1000 2214 plebis
1042 2158 1178 2199 relatio
1225 2163 1456 2202 nominatur.
1539 2166 1616 2204 Ne-

879 2231 953 2269 que
974 2214 1094 2256 solum
1112 2231 1155 2256 ea
1173 2217 1219 2256 de
1237 2232 1292 2265 re,
1312 2217 1358 2257 de
1379 2233 1452 2271 qua
1472 2220 1616 2269 consiti,

879 2273 939 2312 sed
960 2275 1074 2313 etiam
1103 2273 1149 2312 de
1181 2273 1340 2322 diuersa,
1376 2276 1509 2317 eodem
1541 2278 1618 2328 die,

878 2330 1021 2370 referre
1067 2340 1217 2383 poterat
1261 2333 1434 2373 tribunus
1482 2333 1616 2387 plebis.

878 2401 964 2426 nam
982 2401 1025 2425 ex
1045 2386 1136 2426 Phil.
1154 2399 1194 2441 7.
1227 2403 1256 2428 c.
1280 2400 1313 2429 Ι.
1344 2389 1536 2430 consulem
1567 2391 1616 2431 de

876 2445 998 2497 Appia
1017 2445 1094 2493 via,
1106 2455 1143 2484 ct
1160 2444 1206 2484 de
1224 2449 1393 2493 Moneta,
1417 2449 1615 2487 tribunum

876 2500 997 2554 plebis
1020 2499 1066 2540 de
1089 2503 1263 2554 Lupercis
1285 2502 1458 2553 „retulisse
1487 2505 1613 2544 video.

875 2555 1102 2597 Retulerunt
1121 2559 1238 2608 igitur
1254 2554 1295 2599 in
1325 2560 1459 2600 eodem
1483 2555 1615 2601 senatu

876 2613 921 2653 de
943 2614 1165 2654 reduc-tione
1194 2618 1292 2665 regis
1322 2615 1401 2656 duo
1429 2619 1616 2667 magistra·

876 2682 949 2719 tus,
975 2670 1105 2711 consul
1122 2671 1366 2712 Marcellinus
1392 2672 1438 2713 de
1459 2673 1613 2725 religio·
1640 2712 1643 2713 γ

874 2742 935 2775 nc,
951 2728 990 2766 id
1011 2729 1075 2776 est,
1094 2742 1141 2768 ne
1157 2742 1237 2777 rex,
1257 2730 1487 2784 prohibente
1497 2730 1614 2778 Sibyl-

872 2783 922 2835 la,
947 2798 1032 2825 cum
1054 2786 1221 2827 exercitu
1250 2785 1516 2833 reduceretun
1542 2792 1616 2829 Lu·

1535 2860 1613 2903 ¹PWR
