1863 3172
203 102 292 146 474

258 205 315 261 ρ’,
327 202 519 257 Cornelio]
562 202 746 242 Trebatii
764 180 954 252 ma-gistro.

206 263 310 316 epist.
339 267 376 308 8.

264 314 434 368 Labore]
451 314 625 364 Militari,
648 330 763 369 quem
783 313 880 354 soles
900 317 956 355 vi-

203 385 289 416 tare
325 383 406 413 tum
456 375 626 427 pigritia,
671 382 754 411 tum
802 374 956 412 timore.

203 429 337 474 Paullo
359 442 446 472 ante
472 434 512 471 in
533 431 602 470 hac
624 428 703 484 ipsa
724 428 880 483 epistola
903 428 957 468 di-

202 490 275 536 xit,
296 491 492 529 interdum
505 490 631 545 piger,
647 486 844 528 interdum
852 488 955 527 timi-

206 544 277 587 dus
295 547 337 587 in
357 545 489 588 labore
505 545 689 587 militari.

439 90 669 131 PAVLLI
700 82 998 129 ‘MANVTH
1031 87 1541 138 COMMENTARIVS

1069 201 1162 241 Non
1184 199 1370 254 audiam]
1433 200 1674 241 Gloriantem
1710 200 1758 241 de

1013 259 1127 298 rebus
1159 272 1180 313 a
1209 268 1246 298 te
1275 260 1396 307 gestis.
1480 259 1626 298 Festina
1657 259 1756 298 ioca-

1013 326 1082 356 UO.

1070 429 1166 484 ..Q‘a
1179 427 1261 480 spe,
1292 411 1363 466 au't
1395 425 1626 481 conditione]
1683 428 1756 480 Spe

1006 485 1145 533 futuri,
1177 484 1402 524 conditione
1424 483 1632 538 praesentis
1655 498 1756 524 com·

1008 541 1127 582 modi.
1704 547 1707 549 ’

671 676 1104 717 EPISTOLAE
1154 675 1295 713 XVIII.

555 765 1374 817 ARGVMENTVM.

338 880 498 922 Laudat
519 878 762 925 Trebatium,
778 875 880 929 quod
910 874 1114 916 videretur
1133 885 1242 916 certa
1270 872 1481 930 aliquando
1499 875 1541 914 in
1552 874 1755 926 fintentia

202 937 414 994 corqstitg'ffi’,
438 949 476 978 et
498 938 596 978 velle
617 938 658 975 in
678 936 825 974 militia
840 945 1080 986 permanere.

1170 932 1281 971 Tum.
1298 933 1461 971 iocatur.
1472 934 1514 971 in
1537 933 1618 988 eius
1627 930 1754 986 parfi-

202 998 384 1045 moniam,
403 997 496 1052 quia
506 992 723 1049 scripserat
742 994 783 1031 in
807 988 1055 1045 palimpsfio.
1114 988 1256 1029 Eodem
1275 1002 1388 1029 anno.

686 1107 1331 1165 EXPLANATIOJ

202 1221 418 1315 Dium-‘fis
437 1215 686 1273 temporibus]
728 1215 871 1255 Eodem
898 1225 950 1254 ta-

311 1295 399 1319 men
420 1292 552 1318 omnes
571 1273 761 1328 exemplo,
790 1283 833 1313 vt
848 1272 949 1312 infra

204 1337 459 1391 cognoscitur.

262 1412 394 1451 Cetera
413 1403 677 1457 delefiarttttt]
709 1404 793 1441 Hoc
810 1400 951 1455 pendet

200 1483 324 1522 vsque
345 1466 392 1506 acl
413 1464 523 1511 illud,
544 1460 650 1515 quod
670 1462 721 1499 est
741 1458 864 1498 infra:
894 1474 948 1500 ce-

199 1528 290 1571 tera
312 1525 432 1565 belle:
458 1520 564 1562 illud
582 1520 716 1559 miror.

259 1593 430 1647 fortem]
457 1595 566 1639 Non,
596 1599 639 1630 vt
654 1597 765 1628 antea
792 1585 949 1627 videba-

199 1669 257 1702 re,
277 1652 464 1692 timidum.
493 1650 597 1703 epist.
619 1657 681 1700 17.
703 1651 706 1654 ⁴

260 1709 467 1764 Aestuare]
507 1707 637 1763 Aestu}
665 1704 716 1742 est
738 1702 949 1741 commotio

203 1767 267 1810 vel
289 1760 330 1806 iii
357 1769 459 1816 igne,
487 1762 550 1805 vel
573 1764 614 1801 in
641 1774 760 1813 aqua;
790 1757 852 1798 vel
882 1771 951 1812 per

198 1824 505 1869 translationem,
524 1823 565 1859 in
584 1820 728 1859 animo.

261 1893 453 1949 Tempore]
485 1894 584 1931 Cum
606 1903 703 1943 opus
721 1888 805 1926 erit.
839 1886 947 1925 Tem-

195 1968 290 2011 pore
312 1965 349 1992 et
371 1952 544 2005 tempori,
555 1948 707 1988 duobus
729 1944 868 1982 cafibus
890 1942 944 1981 di-

197 2015 318 2052 citur:
355 2019 396 2050 vt
431 2023 452 2047 e
492 2009 695 2050 Cicerone,
729 1999 878 2047 Plauto,
907 2008 945 2038 et

199 2069 285 2111 aliis
323 2064 573 2117 cognoscitur.

257 2138 412 2194 Vcstrae
434 2136 628 2177 cautiones
647 2128 945 2185 infirmaeficm]

199 2202 339 2242 Tuum
373 2197 454 2236 istic
483 2193 687 2232 artificium
711 2189 782 2241 tibi
809 2200 946 2239 parum

196 2255 372 2313 prodest:
409 2251 523 2300 friget
555 2250 659 2287 enim
692 2248 733 2284 in
759 2242 864 2284 bello
885 2244 944 2282 ius

199 2311 325 2354 ciuile.
358 2312 461 2366 epist.
478 2319 541 2358 13.
568 2306 738 2345 Tantum
757 2312 891 2348 metuo,
901 2315 947 2340 ne

200 2369 416 2422 artificium
432 2378 544 2408 tuum
563 2362 636 2403 tibi
652 2374 795 2415 parum
808 2358 943 2412 prosit.

199 2431 248 2471 Et
266 2428 368 2479 epist.
385 2428 447 2467 16.
478 2424 562 2479 Qti
580 2419 690 2473 istinc
703 2419 877 2462 veniunt,
877 2415 945 2466 fit-

195 2484 370 2542 perbiam
402 2494 510 2522 tuam
539 2477 733 2527 accufimt,
764 2472 866 2530 quod
885 2487 945 2512 ne-

197 2553 291 2597 gent
321 2552 358 2581 te
382 2532 720 2593 percuuc‘lantibm
748 2528 942 2583 responde·

199 2613 254 2638 re.
312 2597 554 2637 Occasionem
574 2587 775 2629 dubitandi
792 2590 833 2626 in
860 2600 942 2625 ver-

198 2656 269 2703 bo,
288 2656 494 2698 cautiones,
523 2646 702 2688 nonnulli
722 2643 944 2691 attulerunt,

197 2713 430 2752 affirmantes
454 2711 496 2749 in
521 2705 689 2757 antiquis
719 2701 827 2741 libris
861 2699 946 2749 csse,

199 2772 449 2825 causationes.
531 2764 610 2812 Ego
640 2761 682 2800 in
703 2760 796 2799 meis
820 2760 944 2798 omni·

1004 1215 1090 1262 bus,
1111 1216 1179 1268 qui
1197 1213 1283 1253 sunt
1302 1212 1491 1262 vndecim,
1502 1210 1615 1268 plane
1636 1211 1753 1263 vides,

1005 1270 1201 1326 scriptum,
1220 1272 1426 1312 cautiones.

1060 1358 1294 1397 Graeculam
1321 1358 1533 1397 cautionem
1560 1356 1754 1413 chirogra-

998 1414 1069 1467 phi
1088 1414 1178 1466 mei]
1230 1416 1392 1453 Litteras
1422 1412 1751 1460 commendatitias

1004 1471 1053 1510 ad
1088 1471 1286 1510 Caesarem
1315 1485 1446 1520 graece
1477 1470 1631 1524 scriptas
1665 1485 1750 1510 mea
1814 1479 1822 1485 ‘

1005 1542 1133 1568 manu.
1163 1530 1211 1567 fic
1229 1530 1332 1567 enim
1353 1527 1468 1576 malo,
1489 1543 1615 1581 quam,
1637 1532 1752 1568 Grae-

1007 1588 1058 1625 cis
1078 1587 1203 1625 mistas
1224 1587 1403 1625 verfibus.
1441 1588 1668 1626 Cautionem
1685 1600 1749 1641 ap-

1007 1642 1137 1698 pellat,
1159 1642 1262 1696 quod
1284 1645 1336 1681 ita
1356 1641 1459 1682 vtilis
1487 1644 1522 1681 ci
1549 1642 1678 1683 futura
1697 1643 1749 1683 es-

1008 1700 1061 1740 set
1081 1699 1147 1743 illa
1170 1699 1466 1748 commendatio,
1495 1712 1536 1739 vt
1565 1702 1750 1741 iuriscon-

1007 1756 1193 1797 sultorum
1229 1759 1421 1796 cautiones
1458 1758 1505 1796 iis
1535 1756 1644 1796 miles
1675 1757 1749 1799 effe

1006 1814 1140 1862 solent,
1166 1829 1185 1853 a
1206 1815 1343 1867 quibus
1374 1815 1420 1853 de
1445 1816 1528 1853 iure
1549 1814 1749 1855 consulun-

1004 1883 1079 1912 tur.
1110 1874 1157 1911 sic
1178 1873 1280 1925 epist.
1296 1882 1358 1921 13.
1389 1883 1433 1911 vt
1449 1885 1513 1927 ego
1527 1886 1677 1928 quoque,
1691 1875 1748 1913 in-

1005 1932 1101 1982 quit,
1120 1941 1158 1969 te
1186 1927 1340 1984 aliquid
1364 1927 1588 1969 admoneam
1617 1929 1664 1970 de
1686 1945 1749 1971 uo·

994 1988 1091 2042 stris
1125 1984 1389 2026 cautionibus:
1430 1987 1468 2027 T
1461 1989 1615 2027 reuiros
1649 1990 1746 2029 vites

1000 2044 1137 2096 censeo.

1059 2129 1210 2169 Gallici
1230 2127 1340 2178 belli]
1397 2127 1559 2169 Videtur
1569 2126 1659 2168 'iam
1679 2131 1743 2170 ab·

998 2185 1165 2225 solutum
1188 2184 1259 2225 effe
1287 2183 1432 2225 bellum
1463 2187 1743 2227 Britannicum:

1001 2243 1047 2284 dc
1070 2257 1148 2297 quo
1167 2244 1208 2282 in
1228 2241 1486 2299 superioribus
1509 2243 1687 2297 epistolis.

1058 2327 1301 2385 Ignqutffimo
1319 2326 1470 2383 cuique]
1487 2330 1618 2368 Fortes
1629 2330 1740 2370 'enim

1000 2401 1082 2426 rem
1115 2396 1275 2435 gerunt:
1315 2387 1446 2434 ignaui
1488 2385 1669 2439 spectant,
1703 2397 1740 2427 et

1000 2442 1141 2493 fingula
1172 2452 1307 2481 notare
1334 2441 1475 2481 solent:
1500 2445 1632 2495 itaque
1655 2457 1740 2482 nar-

999 2502 1172 2541 rantibus
1194 2500 1341 2547 ignauis
1361 2501 1485 2538 maior
1504 2500 1677 2540 habenda
1696 2503 1741 2540 fi-

1000 2557 1064 2597 des
1084 2559 1148 2606 est,
1170 2570 1284 2610 quam
1303 2555 1479 2596 fortibus.

1057 2644 1192 2684 Cetera
1215 2641 1323 2694 belle]
1355 2642 1467 2681 Redit
1492 2641 1538 2680 ad
1555 2641 1607 2690 id,
1631 2641 1737 2696 quod

1004 2711 1182 2755 coeperat
1201 2699 1339 2746 dicere,
1358 2701 1400 2739 in
1417 2698 1552 2756 quibus
1567 2714 1626 2739 me
1647 2710 1739 2740 cete-

1000 2773 1050 2799 ra
1075 2756 1331 2800 del-afiorum.
1635 2811 1694 2868 2
1713 2812 1721 2819 ⁸

1681 2825 1739 2851 uzr

1841 2503 1859 2595 ’ἓ

1839 2602 1862 2654 i·
