1863 3172
219 111 428 152 mele.
459 110 648 151 EPIST.
674 111 812 150 FAM.

52 224 120 265 lib.
141 236 170 265 ῐ.
192 223 239 263 de
259 220 349 263 bell.
373 223 446 262 ciu-
463 234 571 264 c.21.
607 222 799 263 Tribunos

55 282 223 321 militum
231 285 270 320 'et
288 277 499 331 praefi-[los
516 281 797 319 circummittit.

55 342 111 379 De
124 335 315 391 praefecto
328 348 455 376 autem
471 348 719 376 euocatorum
731 335 797 376 lib.

57 407 94 448 3.
116 395 218 448 epist.
231 394 270 436 (ι.
297 396 354 434 De
372 394 434 440 iis,
451 394 518 446 qui
540 395 598 433 ius
619 393 798 441 dicerent,

60 452 126 492 lib.
150 464 188 499 ς.
219 449 266 489 ad
299 452 409 490 Attic.
440 451 798 503 epist.4.7.11.21.

57 520 94 548 et
118 506 183 547 lib.
205 511 242 552 6.
275 507 321 546 ad
355 506 517 546 eundem
543 508 646 560 epist.
666 519 695 547 ι.
711 507 799 559 2.{3.

59 565 198 619 quibus
237 566 374 603 Cicero
412 565 621 603 amicorum
653 573 802 612 rogatu,

57 633 122 662 aut
144 621 289 661 iudicio
319 620 386 660 suo
410 618 666 676 praesediuras
697 620 800 660 detu-

59 677 104 719 lit
124 679 219 718 iuris
241 677 396 717 dicundi
419 680 459 717 in
483 677 701 716 ciuitatibus
715 706 726 724 ‚
755 677 804 715 iis

58 737 223 783 ῐείεὸὶίς,
248 737 314 788 qui
343 735 641 784 negotiarentur,
673 747 721 772 ne
748 735 805 772 iu·

63 795 200 833 stitiam
225 791 320 832 lucri
341 790 525 846 cupiditas
554 792 805 844 perturbaret.

63 849 277 889 Praefeexus
299 847 450 888 fabrum
481 849 680 888 Ciceronis
709 860 808 887 vnus

63 917 208 955 tantum
229 903 440 959 appellatur
466 907 520 954 Q
535 907 654 958 Lepta
681 903 746 945 lib.
770 916 807 957 3.

67 965 169 1017 epist.
181 974 221 1016 7.
243 976 312 1001 nec
339 960 466 1015 plures
493 976 572 1000 vno
602 959 711 1001 fuiss'e
731 974 808 1000 cre-

67 1020 252 1059 diderim:
280 1032 525 1072 quamquam,
541 1028 582 1058 vt
603 1017 695 1067 dixi,
717 1018 810 1057 duas

66 1076 237 1126 legiones
275 1077 413 1115 Cicero
453 1076 649 1116 habuerit:
705 1073 811 1129 quod

64 1133 144 1187 ipse
163 1132 210 1172 ad
231 1135 396 1173 Atticum
417 1131 559 1187 scripsit
572 1130 639 1171 lib.
653 1142 690 1184 ς.
708 1133 812 1185 epist.

72 1202 134 1243 ις.
155 1202 192 1230 et
214 1189 434 1230 Plutarchus
456 1191 497 1229 in
517 1191 598 1229 eius
625 1190 704 1229 vita
725 1203 813 1228 con·

68 1248 205 1287 firmat.
243 1262 354 1294 nam,
384 1247 422 1293 fi,
448 1256 545 1300 quot
573 1244 742 1296 legiones
771 1246 812 1285 in

70 1306 250 1352 exercitu,
272 1303 433 1344 totidem
462 1301 643 1357 praesceti
662 1301 815 1343 fabrum

70 1360 249 1401 fuissent:
276 1359 376 1400 haud
397 1358 508 1399 valde
537 1359 627 1400 esset
646 1360 818 1399 honesta-

74 1429 133 1461 tus
152 1433 172 1457 a
199 1417 357 1457 Caesare
383 1416 692 1456 familiai-inimus
723 1418 818 1463 eius,

74 1473 276 1515 Cornelius
307 1473 469 1522 Balbus,
503 1475 568 1520 ,cui
596 1483 753 1528 praetor
782 1482 819 1513 et

75 1530 205 1572 consul
224 1530 502 1586 praefecturam
529 1529 683 1571 fabrum
713 1530 820 1570 detu-

76 1589 143 1630 lit:
173 1599 216 1629 vt
233 1590 284 1629 est
304 1590 345 1628 in
363 1589 541 1628 oratione
565 1601 637 1642 pro
656 1585 738 1641 ipso
754 1587 821 1627 ha-

77 1648 157 1688 bita
177 1660 206 1685 c.
218 1653 284 1694 28.
305 1659 406 1692 nam,
425 1643 532 1698 quod
547 1647 599 1685 ait
623 1643 762 1684 Caesar
780 1645 822 1684 in

79 1701 235 1758 epistola
255 1701 300 1742 ad
322 1703 493 1756 Oppium
511 1712 548 1741 et
568 1699 744 1749 Balbum,
756 1699 825 1741 lib.

78 1772 116 1813 9.
136 1759 183 1799 ad
205 1761 315 1799 Attic.
336 1760 516 1812 epist.2g.
562 1760 652 1799 Duo
672 1757 826 1812 praefe-

80 1816 134 1858 [ti
156 1815 320 1870 fabrum
351 1813 522 1867 Pompeii
544 1816 587 1855 in
611 1829 737 1855 meam
764 1824 832 1866 ρο·-

79 1873 254 1928 tgstatem
293 1883 499 1913 venerunt.-
544 1874 598 1921 Q
611 1870 837 1916 Vibullium·

83 1929 238 1977 Rufum,
256 1930 423 1969 Corfinii
441 1939 606 1982 captum,
617 1931 734 1969 etCn.
746 1930 829 1970 Ma-

83 1989 202 2039 gium,
225 1989 266 2025 in
294 1987 433 2025 itinere
458 1985 759 2039 deprehensum,
788 1986 830 2026 si·

85 2046 259 2095 gnificat:
290 2053 688 2096 quorumrvtrumque
711 2044 753 2082 in
772 2043 830 2083 bi-

86 2104 146 2147 ni·
173 2099 388 2150 legionibus
417 2097 649 2153 praefe&11m
675 2099 830 2140 fabrum

88 2159 260 2200 arbitror
276 2155 408 2197 fuiffe:
447 2166 490 2196 vt
509 2156 673 2196 duorum
699 2154 833 2196 consu-

88 2214 169 2255 lum
187 2214 385 2267 exercitus,
402 2215 470 2267 qui
490 2215 706 2267 aPompeio
728 2226 833 2264 rege-

51 2273 54 2276 ’
90 2273 253 2319 bantur,
292 2270 389 2310 duos
424 2272 585 2310 omnino
619 2269 832 2325 praefe&os

91 2328 243 2369 fabrum
269 2327 484 2367 habuerint.
535 2327 627 2367 duas
655 2329 758 2371 enim
783 2326 835 2368 le-

93 2387 240 2437 giones,
260 2383 339 2423 dixi
356 2386 444 2424 iam.
475 2382 710 2425 consularem
731 2399 835 2425 exer·

97 2445 213 2482 citum
231 2439 352 2481 fuisse.
382 2442 427 2480 fic
451 2443 568 2491 igitur
593 2443 633 2480 in
648 2440 838 2483 consulari

96 2500 294 2541 Ciceronis
322 2499 511 2545 exercitu,
545 2496 584 2537 id
606 2500 667 2545 est,
687 2501 727 2538 in
747 2499 839 2539 dua·

98 2557 171 2597 bus
191 2554 422 2604 legionibus,
449 2554 661 2609 praefedlus
686 2554 839 2596 fabrum

101 2627 200 2652 vnus
221 2612 294 2651 fuit
318 2614 514 2666 Qchta.
550 2611 654 2665 quod
683 2626 730 2652 eo
763 2628 840 2653 ma-

103 2672 158 2720 gis
180 2671 360 2720 arbitror,
385 2671 473 2720 quia
491 2683 587 2708 Vnus
613 2671 724 2709 etiam
737 2683 843 2723 prae-

102 2726 224 2767 fee’tus
245 2724 394 2764 fabrum
415 2729 483 2780 Ap.
497 2724 650 2766 Claudii
671 2729 844 2766 nomina-

104 2795 183 2832 tur,
203 2782 267 2823 lib.
284 2795 319 2836 3.
339 2783 444 2836 epist.
460 2789 497 2832 8.
533 2785 615 2824 Hos
633 2782 848 2838 praefectos

854 110 1035 151 L113.11.
1076 108 1272 148 EPIST.
1303 109 1422 153 xvn.
1511 123 1567 153 23

856 236 1001 268 omna,
1021 224 1185 276 exceptis
1205 224 1263 261 ius
1276 220 1600 274 dicentibus,opi-

857 295 929 319 nor
949 282 988 318 in
1009 277 1245 333 proconsulis
1265 280 1424 319 cohorte
1446 288 1596 332 praeto·

855 339 912 376 ria
936 336 1058 382 fuisse,
1082 350 1222 389 eosque
1240 338 1278 375 in
1299 336 1538 390 prouinciam
1549 335 1597 373 ab

856 394 952 432 vrbe
973 392 1167 432 deductos,
1196 407 1292 445 quos
1319 404 1446 432 autem
1468 395 1506 431 in
1525 403 1597 431 ter-

857 452 912 489 tio
931 463 1071 499 genere
1091 449 1297 503 posuimus,
1321 451 1357 488 id
1393 452 1443 489 est
1463 451 1504 496 ii,
1533 450 1599 504 qui

854 508 914 546 ius
936 506 1123 553 dicebant,
1145 520 1223 544 non
1246 505 1353 545 fuiss'e
1374 507 1599 546 de‘cohorte

856 565 1063 618 praetoria,
1094 562 1155 602 sed
1184 561 1297 612 longe
1326 577 1346 601 a
1376 562 1603 617 proconsule

860 620 1015 661 diuersis
1044 620 1260 659 ciuitatibus
1293 621 1601 659 iurisdietionem

860 675 1040 719 habuisse.
1077 678 1116 715 iu
1165 676 1238 715 hoc
1278 691 1439 716 numero
1476 675 1606 716 locum

861 736 1012 789 Scaptio
1032 735 1144 787 petiit
1170 747 1192 772 a
1219 735 1406 773 Cicerone
1439 736 1493 772 M.
1516 737 1605 773 Bru·

862 803 937 840 tus,
955 802 998 830 vt
1018 789 1083 830 lib.
1098 805 1132 840 ς.
1152 789 1199 828 ad
1222 793 1332 830 Attic.
1357 792 1462 844 epist.
1475 803 1539 832 21.
1569 801 1607 830 et

863 848 930 889 lib.
944 852 982 892 6.
1006 847 1054 887 ad
1072 847 1234 886 eundem
1263 849 1366 902 epist.
1383 859 1417 889 1.

923 919 1029 959 Mihi
1049 917 1242 958 attributa
1262 919 1325 971 est]
1357 921 1466 967 Quae
1478 931 1613 957 manu-

866 977 950 1017 hiae
967 976 1225 1015 vocabantur:
1254 989 1298 1015 ex
1320 977 1459 1029 quibus
1486 970 1613 1029 publi·

867 1048 908 1074 ca
941 1043 1191 1072 monumenta
1232 1031 1388 1086 plurimi
1426 1030 1613 1079 fecerunt,

869 1088 1096 1141 QCatulus
1131 1102 1151 1128 e
1177 1090 1380 1130 Cimbricis
1422 1089 1614 1128 manubiis

870 1149 1061 1202 porticum
1082 1148 1123 1185 in
1138 1145 1296 1199 palatio,
1315 1158 1429 1200 quam
1462 1149 1496 1185 P.
1526 1144 1614 1185 Clo·

870 1205 1176 1252 dius‚Ciceronis
1202 1204 1358 1243 aedibus
1383 1202 1617 1248 adiunfilanu

871 1263 1023 1309 euertit,
1043 1263 1086 1300 L.
1106 1259 1283 1300 Metellus
1306 1258 1537 1300 Dalmaticus
1557 1274 1616 1299 ae·

873 1319 959 1359 dem
976 1319 1143 1358 Castoris
1160 1335 1168 1354 t
1199 1317 1267 1358 alii
1286 1316 1373 1358 alia.

931 1389 973 1429 A
983 1387 1198 1445 quaestore]
1228 1393 1363 1428 Vtrum
1382 1385 1618 1428 L.Mescinio

875 1445 991 1494 Rufo,
1009 1445 1056 1484 ad
1076 1459 1189 1498 quem
1218 1445 1303 1485 sunt
1333 1443 1512 1499 epistolae
1544 1455 1618 1483 tres

875 1502 1033 1544 vltimae
1061 1499 1130 1541 lib.
1157 1516 1192 1556 5.
1226 1503 1369 1554 quique
1400 1504 1620 1540 nominatur

877 1560 945 1602 lib.
961 1570 1025 1611 13.
1045 1559 1226 1613 epist.26.
1247 1569 1284 1599 et
1301 1556 1369 1599 lib.
1389 1562 1448 1602 ¹6.
1468 1560 1572 1612 epist.
1582 1560 1621 1601 6.

879 1633 929 1658 an
948 1618 991 1657 C.
1011 1613 1148 1655 Coelio
1167 1614 1303 1663 caldo,
1328 1614 1375 1654 ad
1396 1628 1511 1668 quem
1538 1613 1622 1662 scri-

879 1676 938 1716 bit
956 1670 1154 1728 epistolam
1181 1671 1353 1713 Vltimam
1376 1672 1489 1712 huius
1520 1669 1624 1719 libri,

882 1736 920 1773 et
938 1744 1052 1786 quem
1073 1729 1177 1783 epist.
1192 1740 1248 1784 15.
1267 1731 1452 1769 nominat.
1489 1726 1623 1768 Mesci-

883 1789 992 1829 nium
1011 1788 1173 1827 omnino
1191 1786 1390 1837 fig‘nificari
1411 1796 1529 1847 puto,
1557 1786 1627 1839 qui

846 1862 849 1864 ’
884 1847 1052 1887 rationes
1081 1845 1305 1898 prouinciae
1335 1857 1420 1883 cum
1451 1845 1504 1882 M.
1527 1845 1628 1884 Min-

885 1902 950 1942 dio
972 1901 1104 1949 fratre,
1124 1911 1162 1941 et
1183 1916 1269 1941 cum
1287 1899 1407 1940 scriba
1431 1901 1628 1940 Ciceronis

883 1959 1172 2001 administrauit.
1203 1972 1291 1998 nam
1309 1960 1351 1998 C.
1373 1955 1528 1997 Coelius
1545 1955 1628 1996 sero

883 2015 1092 2058 admodum
1110 2017 1152 2055 in
1173 2016 1413 2069 prouinciam
1435 2015 1554 2062 venit,
1587 2022 1632 2054 vt

886 2089 931 2116 ex
949 2073 1054 2128 epist.
1075 2071 1144 2114 vlt.
1172 2071 1426 2124 cognoscitur.

944 2159 1007 2200 De
1027 2155 1254 2216 legionibus]
1282 2157 1408 2195 Festus
1419 2157 1484 2204 ait,
1494 2157 1537 2196 C.
1550 2158 1631 2196 Ma-

889 2219 992 2259 rium
1029 2213 1218 2265 legionem
1260 2215 1425 2268 primum
1474 2211 1634 2254 conscri-

891 2272 996 2329 pfiffe
1017 2272 1078 2312 sex
1106 2269 1286 2316 millium,
1314 2280 1352 2310 et
1380 2268 1634 2310 ducentorum

890 2330 1108 2377 hominum,
1124 2342 1211 2368 cum
1229 2337 1340 2367 antea
1361 2336 1542 2380 quattuor
1551 2326 1637 2367 mil-

892 2388 989 2429 lium
1015 2383 1164 2433 fuifl'et,
1191 2385 1293 2425 vnde
1325 2386 1438 2423 etiam
1467 2382 1638 2438 quadra-

893 2457 938 2487 ta
956 2441 1232 2498 appellabatur.
1266 2440 1328 2481 sed
1357 2442 1504 2481 Festum
1526 2439 1638 2481 refel-

894 2501 975 2542 lere
995 2499 1148 2540 videtur
1172 2501 1305 2539 Liuius
1334 2496 1400 2537 lib.
1419 2508 1488 2550 29.
1518 2512 1548 2537 c.
1572 2509 1640 2550 24.

895 2573 983 2599 cum
1002 2559 1067 2605 ait,
1085 2555 1256 2606 legiones
1276 2557 1326 2596 ita
1341 2553 1529 2609 suppletas
1553 2553 1641 2603 effe,

897 2627 939 2656 vt
958 2613 1120 2664 singulae
1142 2611 1227 2652 sena
1250 2611 1382 2659 millia,
1403 2621 1440 2651 et
1455 2610 1640 2650 ducentos

898 2671 1058 2728 pedites,
1076 2680 1247 2709 trecenos
1270 2670 1453 2709 haberent
1482 2669 1642 2719 equites.

905 2740 942 2770 et
961 2728 1053 2769 alibi
1074 2726 1195 2781 saepe.
1221 2726 1338 2776 Qiod
1357 2727 1380 2764 si
1403 2727 1453 2764 ita
1467 2726 1540 2770 cst3
1563 2738 1643 2762 non

904 2790 1050 2842 primus
1084 2786 1129 2824 C.
1159 2785 1306 2824 Marius
1336 2781 1526 2832 legionem
1556 2795 1644 2819 con-

959 2845 997 2883 N
1030 2855 1052 2894 5
1506 2836 1649 2891 scripfir
