1863 3172
200 134 286 184 250

199 253 341 288 turum,
375 244 442 295 qui
473 241 546 282 suis
571 244 613 280 in
649 239 839 294 praesidiis
866 254 948 280 non

199 298 337 338 fuisset.
377 301 478 337 tueri
507 309 636 337 autem
673 295 947 350 rempublicam

196 357 402 409 Pompeius
432 355 658 401 videbatur,
689 357 779 407 quia
815 353 964 403 consu-⁷

196 411 253 465 les
274 426 484 464 omnesque
518 412 599 453 fere
631 413 865 461 magistratus
895 410 948 450 se-

199 483 285 508 cum
319 469 499 508 haberet:
525 468 607 509 ‘sed
637 467 805 508 Caesaris
832 470 947 508 castra

199 527 390 566 firmiora:
427 527 556 580 itaque
584 527 709 565 bonos
739 540 781 565 ac
803 525 947 580 sapien·

198 592 254 622 tes
274 585 389 630 ciues,
415 597 494 636 quo
525 585 567 622 in
599 597 762 622 numero
793 593 829 622 et
858 582 946 629 fuit,

199 651 238 678 et
252 639 404 679 habitus
431 642 483 679 est
502 639 688 694 Sulpicius
702 669 714 686 ,
742 642 826 679 iure
846 637 947 679 solli-

201 698 340 736 citabat
360 696 477 736 officii
507 697 744 737 deliberatio.

255 767 383 807 Saluis
403 768 533 822 rebus]
592 767 723 816 Salua,
749 764 948 813 incolumi,

200 825 319 864 stante
350 825 558 877 republica.
590 825 724 866 eodem
752 823 870 863 modo
892 822 948 862 lo-

201 880 396 934 cutusjest,
417 896 505 922 cunr
520 883 566 922 de
586 897 627 922 re
647 880 945 935 priuataloque-

199 950 319 985 retur,
354 935 472 994 lib.7.
504 942 607 994 epist.
624 951 686 993 30.

257 1011 319 1049 Sic
336 1012 438 1050 enirn
474 1011 523 1065 est
550 1007 770 1061 dicendum]
828 1010 945 1047 Nunc

199 1069 302 1109 enim
323 1069 493 1118 perditae
513 1083 573 1109 res
593 1068 692 1115 sunt,
719 1065 857 1105 affli&a
883 1078 941 1104 re-

198 1122 364 1178 publica.
806 1160 809 1163 .

256 1177 467 1231 Occidenti]
524 1178 663 1225 Eadem
682 1178 944 1226 translatione,

197 1237 459 1289 reuimstentis
532 1236 762 1289 reipublicae
778 1266 791 1285 ,
849 1235 945 1275 dixit

198 1295 359 1347 epist54.
611 1325 617 1330 .
668 1327 670 1330 .
900 1316 903 1319 -

254 1364 422 1416 Absens]
451 1364 551 1402 Cum
568 1361 657 1403 esset
672 1365 712 1402 in
728 1364 940 1418 prouincia.

254 1421 503 1474 Defensorem
525 1421 661 1475 pacis]
711 1423 828 1468 Nam,
855 1436 942 1460 cum

196 1480 250 1518 M.
270 1476 473 1517 Marcellus
501 1476 630 1516 consul
665 1487 702 1516 et
721 1480 939 1531 prouincias

197 1535 338 1575 Gallias
360 1545 448 1574 ante
474 1533 684 1583 legitimum
713 1546 873 1588 tenipus,
894 1545 941 1574 'et

196 1592 441 1649 priuilegium
473 1590 635 1635 Caesari,
674 1591 779 1644 quod
810 1595 846 1631 ei
874 1606 942 1645 po-

195 1649 308 1706 pulus
331 1646 568 1695 concesserat,
587 1658 629 1687 vt
648 1648 778 1687 absens
813 1649 944 1688 consu-
971 1665 975 1668 ’

194 1708 312 1747 latum
335 1717 464 1760 petere
481 1705 625 1758 posset,
653 1708 801 1759 eripere
834 1720 944 1746 cona·

195 1775 302 1805 retur
312 1781 322 1810 ;
361 1762 546 1816 Sulpicius
597 1762 739 1813 collega
786 1758 943 1808 restitit}

196 1821 301 1876 quod
321 1823 498 1873 iniquum
518 1826 669 1873 putaret
699 1835 742 1859 ea
767 1817 942 1868 rescindi,

195 1893 294 1932 quae
342 1876 507 1931 populus
555 1875 732 1925 iusseram
779 1890 940 1931 eamque

194 1935 280 1976 fore
309 1934 430 1974 ciuilis
461 1932 553 1973 belli
574 1933 734 1973 caussam
754 1933 939 1984 intellige-

194 2005 264 2033 ret.
281 1993 483 2031 Suetonius
505 1993 547 2029 in
565 1990 666 2030 Iulio
695 2006 724 2031 c.
739 1998 881 2045 2829.

256 2065 301 2104 In
320 2063 516 2114 considam
535 2064 616 2115 tuo]
661 2061 826 2102 Consule
857 2061 936 2102 Sul·

197 2123 297 2175 picio
318 2123 356 2159 in
380 2120 618 2172 prouinciam
646 2122 782 2159 Cicero
809 2119 935 2174 profe-

188 2178 276 2217 clus
298 2180 358 2217 est.
379 2176 443 2215 lib.
459 2189 494 2229 3.
507 2177 609 2230 epist.
626 2189 661 2231 3.

250 2235 336 2286 Bos?
361 2235 616 2284 consulatum]
641 2238 740 2274 Cum
771 2233 816 2272 C.
837 2237 938 2274 Mar-

195 2291 324 2338 cellus,
343 2293 396 2329 M.
414 2289 588 2329 Marcelli
602 2290 721 2330 frater
739 2291 937 2344 patrueliS,

195 2347 324 2386 consul
359 2346 490 2386 eadem
515 2350 558 2386 in
590 2347 789 2387 Caesarem
818 2359 937 2388 tenta-

194 2408 271 2444 vit:
302 2414 343 2443 vt
370 2404 508 2456 scripfit
535 2407 735 2445 Suetonius
765 2416 885 2458 c.29.·
902 2407 935 2444 is

196 2464 299 2501 enim
321 2460 554 2500 consulatum
584 2476 628 2501 ex
656 2464 776 2501 Marci
806 2463 935 2502 fratris

195 2520 419 2557 auc'ioritate
457 2519 579 2566 gessit:
629 2530 671 2558 vt
710 2518 850 2568 legitur
893 2521 935 2558 in

195 2576 298 2628 epist.
319 2586 356 2626 9.
395 2576 453 2612 cui
482 2574 642 2614 succeffit
664 2579 704 2615 L.
736 2576 936 2623 Lentulus,

194 2642 230 2671 et
262 2631 338 2684 ipse
365 2629 531 2670 Caesaris
564 2631 705 2672 caussae
731 2636 936 2673 acerrimus

195 2687 443 2728 aduersarius.

254 2747 461 2793 Veneram]
501 2747 552 2782 Ex
577 2745 788 2797 prouincia.
827 2745 935 2783 venit

195 2813 320 2842 autem
341 2799 464 2855 pridie
482 2815 573 2842 non.
594 2802 673 2840 Ian.
695 2803 737 2840 L.
753 2799 932 2848 Lentulo,

1376 32 1414 59 s&

413 130 636 171 PAvLu
686 129 973 169 MANVTII
1015 116 1526 171 COMMENTARIVS

1004 241 1050 278 C.
1069 238 1253 286 Marcello
1274 240 1360 284 cofl‘.
1377 242 1501 282 abfuit
1519 244 1638 292 igitur
1658 251 1743 283 toto

1004 311 1120 343 anno,
1141 311 1219 349 quo
1239 299 1282 337 C.
1306 299 1522 346 Marcellus,
1538 301 1658 338 Marci
1669 300 1744 339 fra·
1789 306 1792 311 ’

1005 363 1076 400 ter,
1095 368 1179 392 cum
1197 355 1238 392 L.
1265 354 1398 394 Paullo
1427 355 1556 395 consul
1574 356 1660 405 fuit.
1794 366 1799 373 “

1060 411 1167 457 Solus
1185 409 1303 463 eram]
1342 413 1439 451 Cum
1466 412 1624 460 dixerit,
1637 412 1755 462 suam,

1005 477 1043 506 et
1062 465 1460 520 Sulpicii-sententiam
1483 469 1529 508 de
1546 468 1742 524 republica

1004 524 1164 562 eandem
1183 522 1312 573 fuisse,
1342 523 1441 565 solus
1454 540 1532 565 non
1547 526 1636 567 fuit.
1652 520 1742 580 qua-

1000 595 1056 629 re,
1066 580 1175 632 solus
1195 582 1352 635 accipio,
1376 581 1417 621 id
1443 584 1506 630 est,
1536 597 1621 623 cum
1652 598 1743 638 pau-

1001 638 1161 677 cissimis.
1384 676 1397 680 s

1059 707 1196 761 Rudis]
1223 711 1418 758 Qlattuor
1438 708 1576 749 caussas
1588 709 1743 762 colligit,

1003 780 1070 804 cur
1089 779 1219 819 pacem
1235 765 1393 805 suadens
1406 765 1503 804 nihil
1515 766 1742 820 profecerit:
1758 810 1760 812 ,

1002 824 1184 877 primum,
1197 823 1300 875 quod
1322 823 1405 862 sero
1423 826 1646 873 venerit,ita
1667 827 1746 866 iam

1001 882 1110 919 ancia
1133 879 1333 928 discordia,
1359 890 1400 920 vt
1421 879 1544 921 sedari
1570 883 1635 921 vix
1659 880 1745 937 pos-

1000 937 1077 976 set:
1106 936 1255 984 deinde,
1276 937 1380 990 quod
1403 940 1572 991 optimae
1598 938 1745 979 senten·

1001 996 1076 1034 tiae
1123 992 1246 1032 socios
1289 1009 1369 1033 non
1410 996 1608 1035 habuerit:
1648 1009 1744 1045 tum,

1000 1052 1092 1104 quia
1129 1064 1267 1104 parum
1310 1053 1536 1099 auctoritate
1568 1052 1746 1102 valuerit,

1002 1106 1108 1161 quod
1134 1110 1176 1146 in
1195 1106 1346 1161 publica
1375 1108 1516 1158 caussa,
1546 1124 1630 1149 cum
1657 1110 1742 1151 sero

1000 1163 1172 1213 venisset,
1191 1165 1297 1205 rudis
1316 1165 1388 1206 effe
1421 1166 1640 1206 videretur:
1677 1182 1744 1221 po-

1001 1224 1154 1270 stremo,
1175 1221 1280 1275 quod
1300 1225 1341 1262 in
1359 1224 1533 1263 homines
1549 1224 1745 1277 pugnandi

1003 1279 1161 1333 cupidos
1182 1279 1369 1319 inciderit.
1404 1282 1584 1330 fignificat
1617 1292 1744 1322 autem

1002 1339 1166 1376 maxime
1210 1338 1253 1377 L.
1286 1336 1492 1376 Lentulum
1541 1337 1745 1389 consulem,

997 1395 1212 1435 Domitium
1253 1394 1567 1443 Ahenobarbum,
1602 1398 1745 1450 Scipio-

997 1466 1086 1491 nem
1101 1452 1272 1504 Pompeii
1281 1450 1453 1490 socerum
1472 1469 1480 1491 ε
1510 1464 1605 1505 quos
1629 1455 1744 1493 etiam

998 1510 1109 1548 tacite
1122 1509 1241 1561 carpit
1259 1509 1362 1561 epist.
1378 1520 1441 1561 14.
1455 1519 1492 1548 et
1511 1508 1583 1548 lib..
1591 1508 1627 1550 6.
1638 1512 1743 1564 epist.

1000 1577 1066 1608 21.
1088 1563 1154 1605 lib.
1167 1577 1194 1619 9
1221 1566 1325 1617 epist.
1345 1568 1385 1608 6.
1401 1564 1468 1605 lib.
1485 1569 1546 1609 16.
1557 1568 1742 1620 epist-12.

1000 1632 1037 1662 et
1055 1621 1124 1661 lib.
1150 1627 1183 1670 8.
1203 1621 1250 1660 ad
1269 1623 1380 1661 Attic.
1408 1624 1511 1677 epist.
1530 1634 1593 1665 11.
1675 1640 1677 1643 ’

1057 1690 1192 1744 Nihil]
1221 1694 1321 1731 Cum
1347 1694 1424 1732 iam
1454 1693 1635 1735 occiderit
1664 1708 1753 1737 res·-

999 1748 1166 1803 publica,
1188 1749 1294 1801 quod
1317 1752 1494 1803 proxime
1521 1751 1645 1792 dixit.⁴

1053 1807 1185 1871 ‚Quint
1202 1806 1460 1862 hon‘qstiffime]
1540 1812 1591 1848 Vt
1619 1810 1660 1860 in
1679 1808 1739 1848 his

976 1863 1156 1906 *miseriis
1177 1877 1293 1916 quam
1324 1863 1411 1904 licet
1435 1865 1592 1904 honeste
1620 1867 1740 1907 vitam

996 1920 1249 1960 traducamus.

1055 1992 1140 2031 Nec
1163 1990 1277 2043 enim]
1319 1990 1492 2030 Cauffam
1511 1992 1643 2042 affert,
1672 1994 1740 2035 cur

996 2063 1111 2087 nemo
1133 2049 1188 2095 sit,
1204 2050 1357 2101 quicum
1381 2049 1449 2088 fibi
1463 2051 1605 2102 potius,
1623 2065 1739 2106 quam

994 2120 1079 2144 cum
1101 2104 1282 2158 Sulpicio,
1305 2106 1659 2146 communicandum
1670 2123 1739 2162 pu-

993 2172 1058 2202 tet.
1144 2162 1269 2209 Nosti,
1288 2163 1428 2215 inquit,
1453 2166 1615 2212 egregie,
1644 2164 1737 2218 quid

994 2218 1179 2258 clarissimi
1203 2220 1279 2257 viri
1295 2218 1468 2267 fecerint,
1490 2220 1581 2273 quid
1603 2219 1738 2261 <loais-

994 2278 1074 2315 fimi
1101 2275 1317 2315 faciendum
1349 2271 1619 2330 praece‘perint.
1668 2280 1739 2317 ita-

994 2347 1083 2385 que,
1103 2333 1198 2386 quid
1213 2333 1324 2372 nobis
1345 2346 1499 2386 quoque
1520 2333 1737 2375 faciendum

992 2391 1047 2438 fit,
1066 2392 1211 2444 optime
1233 2389 1430 2430 iudicabis.

1052 2459 1372 2514 Clariffi‘morum]
1431 2461 1660 2508 Clarisfimos
1697 2474 1734 2503 et

992 2517 1236 2564 dofflffimos,
1262 2518 1350 2569 quia
1371 2528 1451 2557 tum
1470 2533 1491 2556 a
1512 2520 1640 2568 rebus,
1653 2530 1734 2560 tum

997 2590 1018 2616 a
1037 2574 1143 2614 libris
1163 2575 1306 2627 petitur
1333 2575 1546 2627 prudentia.

1035 2623 1041 2638 ¹
1051 2633 1162 2688 Qq'os
1174 2633 1327 2683 fimper
1351 2631 1513 2685 coluisti]
1553 2636 1732 2681 erum

994 2686 1114 2727 libros
1132 2687 1406 2736 diligentissime
1428 2688 1556 2738 legisti.
1573 2691 1618 2728 fic
1629 2691 1730 2729 enim

991 2747 1235 2797 interpretor.
1261 2754 1338 2790 aut,
1359 2747 1384 2783 fi
1405 2748 1488 2798 quis
1506 2746 1576 2784 hoc
1597 2745 1641 2783 ad
1662 2747 1730 2785 ho-

992 2803 1112 2840 mines
1129 2799 1229 2856 ipsos
1251 2803 1390 2854 potiuS,
1424 2804 1562 2855 quibus
1591 2804 1641 2841 ob
1663 2802 1726 2841 do-

1586 2861 1729 2899 &rinae
