1863 3172
231 119 309 166 380

213 224 308 281 stra
336 220 459 275 officia
482 232 606 279 grata
634 220 727 276 asse,
748 220 872 274 facile
902 235 970 276 pa-

226 284 327 322 tior.-
366 293 482 334 eaque
514 292 655 335 augere
683 292 754 317 non
786 278 967 331 dgfi'nam.

224 340 268 377 Et
289 336 391 388 epist.
407 346 470 376 21.
517 336 631 390 ,Qlfl'd
644 333 781 390 prffitm
798 337 846 376 de
875 337 968 376 Tor-

224 405 353 449 queat),
386 392 466 445 ng'si
486 391 644 445 alzquid
668 408 693 431 a
723 392 967 434 Dolabella?

222 453 267 490 Et
290 450 392 502 epist.
406 461 473 501 45.
501 452 594 488 Cum
611 449 817 490 Dolabella
836 453 966 490 vinen-

222 507 315 547 dum
348 503 414 560 effe
446 505 528 561 {stis
565 505 697 546 diebus
724 505 838 546 vides.
868 508 970 563 quod

219 565 263 604 ni
281 580 295 603 ι
313 578 371 601 me
389 563 577 618 Torquati
593 561 717 617 ⁶1²²?ffi1
738 575 897 611 teneret,
898 564 965 614 sa·

219 624 267 661 tis
293 631 376 659 erat
396 618 561 666 dierum,
576 632 619 660 vt
637 621 811 660 Puteolos
831 635 963 660 excur-

219 692 305 718 rere
319 674 459 731 prgffi’m.
546 679 670 730 Atque
693 676 780 715 illae
799 677 846 715 ad
866 678 961 716 Atti-

220 749 304 773 cum
327 732 521 787 epistolae,
530 733 688 772 Caesare
707 747 751 772 ex
764 734 960 788 Hispania,

218 791 376 831 deuieiis
395 792 472 829 iam
499 793 670 844 Pompeii
699 789 842 838 liberis,
875 790 957 830 red-

217 858 344 895 eunte,
368 847 525 902 scriptae
551 846 656 887 sunt:
694 848 765 886 hae
794 862 890 887 vero
908 847 956 886 ad

213 907 486 958 Torquatum,
515 904 637 943 adhuc
667 916 880 957 pugnante:
916 905 958 945 id

214 962 321 1016 quod
352 961 594 1016 perspicuum
631 961 715 1000 satis
755 963 826 1001 est:
865 963 956 1002 haec

211 1030 339 1063 tamen
360 1032 448 1065 vna,
467 1017 642 1058 conferto
672 1020 748 1057 iam
772 1018 890 1066 bello,
917 1030 954 1058 et

209 1075 377 1116 concess'a
398 1077 608 1128 Torquato
630 1074 810 1114 manendi
822 1078 862 1114 in
881 1079 953 1115 Ita-

209 1133 273 1180 lia,
296 1134 434 1172 nonin
455 1133 590 1172 vrbem
623 1133 819 1181 veniendi,
846 1143 953 1186 pote-

209 1192 313 1238 state,
334 1189 469 1242 scripta
489 1189 640 1229 videtur
668 1190 759 1237 effe,
786 1189 953 1244 ideoque

197 1246 413 1287 =reiicienda
431 1248 473 1287 in
493 1258 707 1286 extremum
731 1246 870 1287 locum.

265 1316 505 1371 Conditione]
551 1319 669 1367 Qiod
688 1320 792 1357 inter
813 1329 954 1358 Vtram·

207 1390 282 1429 que
291 1386 439 1428 partem
458 1375 506 1416 de
527 1375 715 1430 ponendis
731 1378 846 1415 armis
864 1390 952 1416 con-

205 1441 347 1474 veniat.

264 1502 439 1545 Vit‘loria
464 1501 674 1558 detraflis]
756 1503 949 1544 Alterutra

201 1572 310 1615 parte
332 1562 522 1608 vincente,
548 1563 600 1601 ita
623 1571 664 1602 vt
694 1560 840 1602 bellum
865 1559 949 1600 nul-

200 1618 281 1659 lum
308 1617 473 1671 superfit.

260 1685 542 1743 Rffpirauerie]
560 1690 662 1736 Qtia
682 1702 761 1727 non
782 1687 945 1743 amplius

201 1748 317 1786 armis
350 1746 549 1794 vrgebitur
583 1744 808 1799 respublica.
840 1746 945 1799 quod

200 1805 241 1851 fi,
260 1805 424 1842 victoria
447 1802 625 1841 detraffis
653 1805 782 1851 armis,
814 1805 945 1842 ciuitas

197 1859 465 1914 respiratierit3
491 1859 643 1899 bonitas
662 1861 704 1898 in
734 1875 780 1900 eo
810 1870 847 1899 et
876 1859 946 1898 cle-

199 1919 342 1957 mentia
374 1916 536 1955 indicari
573 1915 753 1965 videtur..
781 1919 824 1955 in
864 1931 942 1970 quo

200 1974 365 2021 Caesari,
396 1974 464 2026 qui
495 1971 656 2012 secunda
684 1976 761 2013 iam
783 1973 942 2013 fortuna

196 2032 283 2072 vsus
301 2041 395 2078 erat,
413 2032 552 2070 Cicero
573 2029 790 2077 assentatur.
812 2045 942 2084 quam-

198 2103 313 2142 quam
333 2089 505 2141 Pompeii
526 2098 652 2140 partes
669 2087 829 2128 affli&ae
847 2103 943 2128 non·

196 2147 286 2186 dum
309 2146 460 2200 penitus
480 2155 599 2185 erant.

254 2217 316 2258 M.
338 2217 544 2266 Antonius]
593 2218 738 2257 Orator
753 2215 817 2257 ille
842 2216 940 2257 sum-

195 2289 292 2323 mus,
313 2276 380 2328 qui
401 2272 577 2326 loquitur
600 2276 643 2313 in
681 2276 863 2315 oratoriis
897 2273 939 2314 li-

191 2333 286 2373 bris.

251 2389 336 2428 Iam
358 2399 441 2428 tum
459 2386 647 2440 timebat]
705 2388 804 2426 Ante
823 2387 940 2426 Marii

193 2455 232 2485 et
252 2443 375 2484 Sullae
393 2443 550 2493 bellum,
571 2459 650 2498 quo
673 2444 714 2482 in
735 2441 838 2484 bello
860 2442 939 2498 ipse

194 2504 246 2542 cst
260 2501 503 2542 interfectus.
898 2508 903 2509 ⁷

249 2557 547 2611 Suspicabatur]
632 2559 685 2598 Ex
726 2555 935 2596 discordiae

193 2616 406 2670 principiis,
454 2615 527 2655 hoc
561 2612 789 2666 significatur
815 2612 882 2653 lib.
900 2627 933 2656 ι.

191 2673 238 2711 de
262 2675 369 2711 Orat.
391 2682 470 2725 c.7.
501 2686 590 2712 nam
609 2672 656 2711 de
682 2670 856 2710 sermone
877 2672 933 2709 in-

192 2739 250 2768 ter
269 2726 500 2775 Scaeuolam,
519 2730 743 2774 Antonium,
757 2726 933 2768 Crassum

191 2786 337 2834 habito,
359 2786 403 2826 fic
418 2786 493 2827 ait:
519 2787 609 2845 ἐκ)
628 2783 779 2842 quidem
802 2785 931 2836 infir·

441 110 669 151 PAVLLI
714 109 1004 150 MANVTII
1047 109 1561 153 COMMENTARIVS

1028 236 1132 262 mone
1150 224 1277 265 multa
1297 224 1489 265 diuinitus
1522 239 1547 264 a
1575 222 1771 266 tribusjl-
1820 214 1823 221 ¹

1023 280 1074 320 lis
1117 280 1379 331 consularibus
1421 283 1532 322 Cotta
1562 279 1763 333 deplorata
1806 275 1815 289 ‘

1024 348 1059 375 ec
1080 348 1374 377 commemorata
1396 338 1608 387 narrabat,
1636 348 1682 377 vt
1701 340 1767 390 ni·
1844 375 1847 383 .

1023 393 1083 433 hil
1105 390 1290 446 incidtjfit
1314 395 1440 448 postea
1468 396 1625 435 ciuitate·
1653 396 1764 444 mali,
1822 404 1829 413 ¹

1021 448 1122 505 quod
1138 463 1209 488 non
1229 451 1443 502 impendere
1459 453 1653 492 illi·tanto
1672 461 1764 492 ante

1021 503 1208 559 vidg'sftnt.

1081 578 1174 616 Tali
1206 577 1437 629 pracsertim
1475 579 1554 617 cius
1583 588 1622 617 et
1657 576 1761 632 viro]
1806 578 1844 631 ,ty

1019 636 1098 682 Q1i
1135 648 1182 672 ne
1221 634 1294 672 hoc
1324 647 1462 683 genere
1492 633 1761 673 consolationis
1810 639 1823 681 ς*

1017 692 1190 741 indigere
1214 690 1383 740 deberet,
1405 694 1598 745 probitate
1627 702 1665 729 et
1683 693 1759 730 vir·
1810 687 1824 744 ’ἡ
1844 691 1845 694 ’

1017 758 1097 787 tute
1117 750 1274 787 meritus
1298 750 1360 787 est.
1421 750 1546 790 ciuem
1571 757 1608 786 et
1632 749 1762 788 virum

1014 804 1123 858 saepe
1154 806 1351 854 coniungit
1378 808 1527 845 Cicero.
1564 814 1607 843 vt
1636 802 1702 843 lib.
1721 817 1762 853 4.

1013 862 1061 900 ad
1082 864 1193 900 Attic.
1215 863 1318 915 epist.
1336 874 1399 916 15.
1429 866 1463 903 Ο
1482 864 1610 903 virum
1621 862 1636 900 .'
1665 875 1685 901 ο
1707 861 1761 900 ci·
1817 891 1822 911 Ι,

1013 933 1097 959 vem
1111 921 1126 956 Ι
1165 929 1202 957 et
1221 917 1334 960 alibi:
1815 928 1817 933 ·

1071 987 1315 1044 Necessaria]
1330 987 1443 1038 *Qiid
1471 990 1573 1028 enim
1589 998 1766 1043 praete-'r-¹

1011 1060 1055 1085 ea
1080 1045 1269 1086 consolari
1287 1047 1421 1100 potiit?

1033 1155 1037 1159 ,
1066 1118 1111 1155 1η
1131 1116 1188 1156 his
1210 1120 1345 1170 paucis
1375 1115 1522 1166 verbis]
1576 1119 1672 1157 Non
1695 1117 1755 1156 his
1805 1119 1808 1124 '

1010 1175 1220 1227 proximis,
1251 1176 1390 1227 quibus
1421 1173 1468 1213 de
1497 1176 1669 1214 omnium
1697 1188 1756 1214 re-

1010 1245 1097 1269 rum
1115 1232 1274 1271 interitu
1305 1230 1456 1271 locutus
1487 1232 1559 1279 est,
1583 1230 1649 1270 sed
1677 1229 1755 1270 illis
1788 1281 1792 1283 ῃ

1008 1287 1283 1341 superioribus,
1303 1290 1351 1328 ab
1370 1303 1416 1327 eo
1431 1285 1533 1335 loco,
1551 1286 1683 1344 necff’
1703 1288 1756 1343 5st

1006 1356 1078 1384 aut
1091 1347 1212 1386 armis
1230 1348 1360 1402 vrgeri
1373 1344 1644 1398 rempublicam
1651 1346 1753 1397 stm-

1001 1404 1165 1454 piternis
1176 1419 1189 1440 .·
1206 1405 1347 1456 quibus
1366 1401 1513 1455 aliquid
1531 1416 1632 1450 eum,
1644 1401 1751 1456 quod

1008 1457 1146 1511 speret,
1175 1460 1316 1498 habere
1339 1459 1513 1499 ostendit.
1551 1473 1654 1508 nam,
1685 1462 1751 1499 tri-

1006 1515 1078 1554 bus
1099 1518 1314 1570 propositis,
1344 1518 1370 1555 fi
1401 1530 1504 1555 arma
1527 1515 1692 1565 valeant,
1722 1518 1750 1557 fi
1804 1551 1805 1554 ,
1836 1529 1837 1553 1

1007 1575 1256 1621 omittantur,
1298 1575 1324 1613 fi
1355 1572 1527 1612 funditus
1560 1575 1752 1619 intereant
1803 1559 1837 1626 J.-

1006 1631 1160 1675 omnia3
1201 1645 1245 1669 ex
1274 1632 1415 1684 primo,
1435 1630 1573 1670 liberat
1592 1635 1680 1670 eum
1702 1633 1748 1671 ti·
1798 1635 1815 1670 ·Ϊ·
1836 1638 1837 1647 ’

1005 1700 1136 1731 more3
1166 1701 1210 1725 ex
1232 1687 1366 1736 altero,
1387 1687 1488 1741 spem
1505 1687 1615 1727 affert
1641 1702 1747 1728 recu·
1809 1684 1823 1731 ζ”,“

1004 1744 1166 1797 perandi
1203 1743 1377 1784 fortunas
1418 1756 1454 1785 et
1497 1745 1745 1794 dignitatem;
1809 1764 1816 1775 ’-

1004 1803 1160 1840 tertium
1181 1803 1206 1840 fi
1228 1804 1393 1849 eueniat,
1415 1804 1661 1856 praecipuum
1678 1802 1746 1842 do·
1811 1830 1816 1834 -

1001 1855 1125 1897 lorem
1143 1858 1277 1899 adimit
1305 1861 1345 1897 in
1377 1873 1445 1907 eo,
1474 1859 1579 1912 quod
1601 1859 1746 1900 accidat

1001 1917 1195 1954 vniuerfis.

999 1972 1082 2014 hic:
1107 1972 1279 2025 profello
1295 1977 1411 2013 etiam
1423 1973 1506 2026 sine
1522 1976 1616 2013 meis
1643 1975 1745 2015 litte-

1000 2029 1064 2068 ris*
1083 2032 1299 2082 intelliges,
1331 2042 1369 2070 te
1395 2028 1552 2085 aliquid
1581 2029 1744 2081 hahere,

999 2085 1104 2140 quod
1105 2088 1264 2140 speres:
1291 2087 1338 2127 ad
1367 2086 1563 2141 superiora
1590 2086 1657 2127 illa
1683 2101 1742 2128 re-

998 2143 1129 2197 spexit.

1054 2216 1154 2265 Hoc]
1185 2218 1287 2255 Dum
1318 2215 1365 2264 de
1388 2217 1474 2254 iure
1498 2212 1655 2268 publico
1685 2215 1740 2257 di-

995 2283 1168 2312 niteatur.

1054 2326 1224 2386 Aliquo]
1253 2330 1380 2368 Positis
1401 2329 1531 2375 armis,
1550 2337 1616 2368 aut
1635 2329 1736 2369 abie-

995 2387 1079 2435 ἂίε,
1099 2397 1166 2426 aut
1187 2386 1386 2426 detraens:
1417 2383 1462 2423 de
1486 2399 1564 2437 quo
1585 2384 1708 2439 supra.

1047 2447 1135 2500 on
1154 2443 1325 2497 veniam]
1356 2445 1443 2482 Erat
1462 2444 1590 2492 igitur,
1613 2453 1654 2482 vt
1681 2442 1738 2482 di·

993 2501 1046 2547 xi,
1067 2504 1296 2554 Torquatus
1317 2502 1359 2539 in
1374 2497 1496 2546 Italia,
1519 2514 1588 2538 nec
1608 2509 1734 2538 tamen

992 2571 1115 2611 prope
1140 2558 1295 2598 vrbem:
1328 2571 1416 2595 nain
1435 2566 1499 2600 aut
1515 2554 1580 2594 ille
1607 2555 1654 2594 ad
1671 2557 1732 2595 Ci-

991 2629 1182 2663 ceronem,
1208 2623 1274 2653 ant
1291 2613 1340 2653 ad
1357 2612 1467 2652 illum
1488 2614 1637 2660 Cicero,
1645 2627 1732 2652 cum

989 2671 1313 2725 praesertim'sshoc
1340 2680 1512 2724 tempore
1532 2679 1634 2709 extra
1669 2683 1734 2709 vr-

988 2730 1076 2768 bem
1096 2728 1198 2775 ess‘et‚
1219 2729 1388 2767 somnino
1416 2725 1619 2766 accessisset.
1647 2740 1729 2765 non

987 2784 1100 2826 fuisse
1128 2787 1327 2841 autem-*in
1357 2784 1452 2825 vrbe
1489 2784 1732 2831 Ciceronem,

1643 2853 1731 2882 cum

1281 1918 1393 1966 Ergo,
1435 1931 1519 1955 cum
1541 1915 1744 1967 subiungat
1806 1928 1811 1935 '
