1863 3172
300 114 370 154 IN
399 113 517 153 CIC.
544 113 745 154 EPlsT.
775 114 911 154 FAM.
950 114 1058 153 LIB.
1080 114 1111 154 1.
1151 113 1398 154 EPIST.I.

63 223 221 266 Caesari
240 235 410 275 mortuo,
442 237 635 280 tamquam
655 229 752 274 Deo,
772 230 813 266 in

71 282 160 323 foro
192 292 403 331 erexerant,
434 282 620 338 supplicio
654 283 813 332 affeffis,

70 337 292 390 gratulatur.
379 342 420 379 in
440 339 505 380 illa
531 356 624 381 vero
648 341 694 381 ad
716 343 814 381 Lem

68 395 207 443 tulum,
228 410 326 450 quae
357 398 504 451 incipit,
534 396 811 445 Per-incundae,

69 455 147 506 (9.)
173 465 298 506 partes
319 452 459 494 multae
482 454 580 501 sunt,
606 456 647 494 in
669 456 809 508 quibus

68 509 269 564 aliquanto
287 513 412 550 maior
432 509 494 551 vel
518 512 729 551 verborum
750 525 810 550 co-

65 568 145 621 pia,
177 565 238 606 vel
257 566 528 608 sententiarum
548 567 726 622 splendor
747 581 810 620 ap-

68 634 191 678 paret,
212 638 326 676 quam
344 623 487 674 dialogi
508 629 619 673 ratio,
639 636 677 664 et
701 639 810 664 natu·

67 694 110 720 ra
133 680 306 733 postulet.
336 685 430 731 Age,
450 681 544 734 quid
564 683 603 720 in
623 696 666 721 ea
686 682 808 735 (epist.

72 739 138 780 16.
158 737 205 776 ad
224 740 344 782 Brut.)
368 735 521 787 dialogo
555 738 674 778 simile
703 737 810 792 repe*-

69 795 181 841 ritur‚
200 797 241 833 in
260 808 333 847 qua
353 798 407 835 M.
426 797 564 834 Brutus
583 796 810 843 Ciceronem

69 849 226 898 accusat,
245 850 351 904 qu‘od
369 850 592 905 suppliciter
612 854 739 899 nimis,
769 865 811 890 ac

70 906 223 947 demisse
264 907 311 947 ad
349 910 557 948 omnium
596 907 812 963 scripsisset?

69 969 213 1004 Verum
234 964 320 1014 hoc,
338 965 529 1020 quidquid
554 968 605 1006 est
624 966 814 1014 licentiae,

68 1020 272 1076 prudentia
326 1022 558 1063 moderatur.
649 1034 814 1078 tempus,

69 1078 317 1133 personarum
339 1079 515 1131 dignitas,
538 1094 597 1120 res
613 1079 706 1136 ipsa,
719 1094 815 1133 quo-

72 1146 192 1189 Vsque
238 1137 420 1190 progredi
467 1137 591 1185 liceat,
639 1135 814 1177 ostendit.

70 1194 228 1245 Proprie
250 1208 344 1233 vero
369 1206 406 1236 et
438 1192 594 1248 simplici
615 1207 815 1243 argumen-

71 1260 128 1297 to,
145 1261 181 1289 et
203 1249 358 1304 simplici
387 1250 472 1291 stilo
497 1262 700 1291 contentae
729 1250 814 1290 sunt

69 1304 260 1360 epistolae.
317 1310 444 1357 Recte,
468 1318 504 1348 et
525 1308 659 1347 festiue
678 1310 815 1347 Cicero

70 1363 119 1403 ad
139 1365 293 1403 Paetum
312 1363 378 1405 lib.
390 1377 429 1418 9.
462 1364 565 1419 epist.
578 1375 647 1406 21.
704 1362 819 1422 Qid

70 1420 144 1463 tibi
163 1434 227 1477 ego
249 1422 290 1460 in
319 1422 482 1476 epistolis
506 1420 668 1462 videor?
696 1434 815 1461 norme

67 1478 214 1532 plebeio
224 1477 401 1528 sermone
421 1492 536 1534 agere
554 1488 679 1518 tecum
690 1480 711 1517 ?
747 1491 814 1518 nec

72 1535 174 1575 enim
178 1534 331 1587 semper
348 1534 474 1576 eodem
503 1533 621 1580 modo.
703 1533 819 1593 Qn‘d

72 1593 172 1632 enim
176 1589 313 1643 finite
333 1590 446 1632 habet
465 1590 621 1647 epistola
655 1602 725 1630 aut
759 1592 816 1630 iu-

70 1646 187 1695 dicio,
207 1658 279 1687 aut
298 1649 500 1689 concioni?
528 1649 622 1705 quin
643 1647 725 1701 ipsa
757 1648 817 1686 iu·

72 1703 178 1746 dicia
199 1718 271 1744 non
290 1703 455 1757 solemus
488 1706 615 1744 omnia
642 1703 816 1744 tranare

73 1775 148 1802 vno
159 1758 276 1801 modo.
333 1761 517 1801 priuatas
528 1757 684 1815 cazqffim
703 1771 742 1801 et
751 1774 815 1800 eas

73 1829 226 1865 tenues,
254 1818 404 1875 agimus
425 1816 635 1868 subtilius.-
678 1818 816 1871 capitis

72 1885 146 1915 aut
155 1874 290 1927 famae
313 1875 464 1926 scilicet
494 1887 531 1913 or
539 1876 683 1914 nutius.
739 1875 816 1927 epi-

65 1931 186 1985 stolas
219 1944 311 1971 vero
341 1928 575 1987 quotidianis
603 1929 730 1970 verbis
760 1940 815 1970 te·

71 2001 164 2029 xere
182 1987 360 2038 solemus.
443 1986 550 2026 Idem
577 1997 717 2036 tamen,
747 1988 815 2040 qui

73 2045 148 2084 hoc
183 2045 379 2098 praecipit,
419 2058 500 2083 non
538 2057 814 2098 vsquequaque

74 2101 198 2142 seruat
241 2100 346 2140 suam
390 2100 583 2151 regulam:
638 2099 813 2150 indulget

73 2160 177 2198 enim
188 2159 343 2208 ingenio
364 2171 667 2210 nonnumquam,
678 2169 715 2198 et
735 2159 812 2211 epi-

73 2215 185 2256 stolas
207 2217 420 2262 concinnat,
442 2227 556 2267 atque
584 2226 697 2255 ornat
727 2228 812 2254 ver-

71 2273 133 2313 bis
153 2270 350 2326 aliquanto
383 2270 666 2319 illustrioribus,
696 2285 811 2324 quam

74 2343 172 2382 quae
194 2327 340 2383 populo
357 2327 574 2376 familiaria,
595 2340 632 2368 et
645 2343 812 2368 commu-

75 2387 118 2426 ni
143 2385 316 2427 sermone
344 2387 432 2429 trita
471 2384 567 2424 sunt.
648 2384 711 2425 sed
738 2386 812 2425 hoe

74 2442 265 2483 eiusmodi
286 2444 349 2491 est,
367 2453 409 2482 vt
434 2441 662 2490 immodice,
691 2456 732 2482 ac
759 2452 812 2482 te-

73 2512 178 2541 mere
197 2499 222 2538 si
243 2500 320 2547 fiat,
337 2497 527 2539 fastidium
547 2501 681 2553 pariat,
712 2509 749 2538 et
771 2501 813 2538 in

72 2557 402 2611 reprehensionem
421 2559 612 2605 incurrat;
626 2557 678 2595 sin
690 2555 813 2595 modi-

72 2628 129 2661 ce,
147 2624 185 2653 et
203 2612 304 2663 loco,
336 2611 496 2654 deleaet
525 2614 602 2653 sine
629 2612 814 2662 satietate,

71 2681 112 2711 et
131 2669 280 2710 laudem
299 2669 524 2724 assequatur.
567 2669 673 2710 decet
692 2672 810 2720 igitur

1569 126 1622 170 17

870 228 994 277 tingit.
1053 229 1134 267 Hac
1153 228 1298 268 virtute
1315 226 1376 266 vel
1395 225 1497 267 solus
1518 228 1622 269 inter

869 287 1039 331 Latinos,
1061 297 1100 325 vt
1135 285 1231 323 mihi
1264 283 1418 337 quidem
1452 285 1619 333 videtur,

869 339 931 380 vel
954 352 1055 380 certe
1091 343 1254 380 maxime
1277 344 1450 380 omnium
1476 343 1616 382 Cicero
1644 333 1648 342 ¹

868 396 1057 438 excelluit.
1139 399 1432 438 Demosthenem
1457 400 1621 451 quidem

865 456 918 494 ita
937 456 1042 501 vicit,
1073 464 1114 493 vt
1148 457 1385 507 comparatio
1421 456 1522 502 nulla
1553 458 1617 496 sit:

866 510 973 566 quod
1001 509 1285 560 Quintstilianus
1319 511 1383 551 lib.
1410 524 1473 553 10.
1513 528 1541 550 c.
1578 525 1615 555 1.

867 582 1023 623 quoque
1045 567 1154 607 vidit.
1237 569 1409 607 Breuitas
1435 568 1616 609 laudatur

866 627 909 664 in
939 623 1129 679 epistolis:
1167 626 1253 663 iure
1287 625 1466 678 quidem:
1505 628 1616 666 breui

868 684 971 721 enim
1018 680 1191 720 sermone
1242 684 1362 730 magis
1421 686 1615 735 capimur,

869 752 984 792 quain
1012 738 1226 792 produfto:
1270 752 1406 777 verum
1438 741 1478 777 in
1507 743 1616 778 omni

868 810 910 836 re
931 795 1069 835 modus
1090 796 1161 835 est:
1193 806 1230 833 et
1241 807 1368 848 peccat
1391 796 1525 835 eodem
1537 797 1618 836 fere

868 852 1001 900 modo,
1024 854 1092 905 qui
1112 850 1231 890 multa
1255 855 1384 906 paucis
1410 855 1617 903 contrahit,

872 920 909 950 et
939 910 1006 963 qui
1036 922 1155 963 pauca
1188 907 1370 949 diffundit
1410 912 1448 948 in
1486 911 1618 951 multa.

872 965 1065 1006 Praeclare
1098 968 1306 1015 Gregorius
1336 969 1619 1017 Nazianzenus,

871 1026 939 1078 qui
958 1033 1124 1077 Vtroque
1141 1024 1238 1062 vitio
1260 1021 1452 1073 laborant,
1476 1040 1542 1064 eos
1565 1028 1620 1065 ia-

871 1080 1087 1120 culantibus
1111 1091 1320 1133 comparat,
1353 1083 1405 1120 ita
1436 1084 1620 1122 mittenti-

869 1139 942 1179 bus
968 1135 1109 1184 telum,
1137 1147 1179 1176 vt
1209 1136 1271 1176 vel
1306 1137 1418 1192 supra
1450 1138 1620 1193 scopum,

870 1193 933 1235 vel
956 1193 1056 1233 infra
1086 1192 1243 1234 feratur.
1328 1197 1484 1249 vtrique
1516 1199 1620 1238 enim

871 1261 1000 1291 errant
1011 1253 1168 1304 pariter,
1178 1250 1265 1290 licet
1276 1257 1473 1292 contrario
1485 1269 1519 1292 m
1526 1254 1619 1295 od0.

870 1311 944 1348 Hic
967 1309 1063 1347 mihi
1085 1308 1401 1348 committendum
1414 1324 1492 1349 non
1508 1322 1621 1365 puto,

871 1363 1026 1419 quando
1051 1364 1098 1403 de
1113 1363 1280 1418 epistolis
1301 1368 1438 1415 agitur,
1460 1380 1503 1407 vt
1519 1367 1621 1408 frau-

872 1422 1011 1462 dentur
1043 1420 1193 1460 studiofi
1219 1419 1476 1475 pulcherrima
1505 1426 1618 1479 ipsius

872 1480 1064 1529 Gregorii,
1094 1480 1171 1518 viri
1202 1477 1509 1531 eloquentissimi,
1542 1485 1621 1536 epi·

871 1534 978 1584 stola,
997 1538 1038 1574 in
1059 1549 1134 1589 qua
1155 1534 1364 1588 prudenter
1392 1547 1430 1576 et
1447 1539 1622 1588 ingenio-

872 1592 922 1642 se,
956 1606 1055 1646 quae
1085 1593 1132 1630 ad
1167 1592 1240 1631 hoe
1272 1591 1395 1646 ipsum
1430 1593 1628 1637 scribendi·

872 1663 990 1699 genus
1012 1651 1190 1696 attinent,
1213 1651 1343 1689 omnia
1362 1651 1621 1705 persequitur,

873 1708 932 1755 sic,
953 1716 994 1746 vt
1023 1721 1071 1745 ne
1103 1708 1320 1746 Demetrius
1351 1708 1507 1761 quidem
1538 1709 1619 1760 ille,

873 1777 987 1817 quem
1009 1762 1120 1816 supra
1136 1761 1429 1816 appellauimuS,
1449 1764 1512 1806 vel
1535 1766 1619 1823 plu·

868 1835 925 1870 ra,
945 1819 1008 1860 vel
1028 1818 1190 1860 meliora
1210 1820 1423 1862 tradiderit.

981 1943 1012 1985 Γ
1041 1944 1073 1986 Ρ
1102 1943 1144 1985 Η
1167 1944 1200 1986 Γ
1229 1946 1267 1988 Ο
1297 1947 1330 1989 Ρ
1355 1948 1375 1990 Ι
1403 1950 1441 1992 O
1469 1950 1510 1993 Σ

1067 2026 1412 2061 ΝικοιοτΛη-

925 2094 1006 2138 Τῶν
1044 2107 1246 2147 γραφόντων
1289 2106 1469 2154 ἔπιςολᾶς,
1510 2110 1618 2152 ἐπειδὴ

869 2153 925 2197 καὶ
954 2157 1040 2194 τεῒν-ο
1079 2162 1211 2206 αἰτεῖς,
1241 2164 1274 2196 οἱ
1297 2164 1383 2208 μὲν,
1415 2171 1616 2212 μακρότερα

867 2217 1064 2259 γράφωσιν,
1093 2211 1178 2261 ὅπερ
1200 2220 1301 2257 εἰκὸς·
1324 2224 1354 2254 οὶ
1378 2223 1428 2266 δὲ,
1457 2218 1511 2258 »ml
1537 2228 1615 2260 λίαν

868 2272 1054 2316 &usses-squ·
1077 2269 1132 2313 xo)
1146 2275 1335 2319 ἀμφότεροι
1347 2270 1395 2312 τῦ
1416 2283 1615 2324 μέτςεζδια-

867 2332 1089 2376 papauera,
1112 2326 1223 2375 ὥσπερ
1243 2331 1295 2374 τᾷ
1308 2327 1425 2369 Oxou*-
1463 2340 1477 2371 ἱ
1496 2339 1612 2381 τοξεύ·

867 2399 972 2429 οντες,
996 2381 1074 2421 ἅντε
1090 2384 1168 2422 εἴσω
1200 2393 1383 2436 πέμπωσιν,
1406 2384 1486 2428 ἀντ-ε
1511 2390 1610 2440 ὅπερ·

867 2448 1035 2485 πέμπωσι.
1074 2447 1115 2478 τὸ
1145 2445 1214 2488 γὰρ
1246 2447 1490 2491 ἀποτυγχάνειν
1527 2445 1610 2495 ἶσον,

869 2499 899 2535 κ’
925 2493 966 2534 ἒν
995 2502 1060 2536 ἀπὸ
1094 2506 1158 2535 τῶν
1188 2503 1343 2538 ἐναντίων
1371 2509 1519 2547 γίνηταί.
1558 2503 1609 2545 ἔτι

868 2559 904 2592 δὲ
925 2561 1048 2601 μέτρον
1071 2558 1228 2593 ems-omia
1258 2563 1277 2599 ἧ
1304 2565 1429 2607 χρεία,
1462 2560 1517 2598 ,caol
1548 2558 1611 2602 ὅτε

867 2618 1065 2658 μακςὸτεςοι
1088 2620 1272 2660 γραπτέον,
1296 2611 1318 2652 ὖ
1346 2614 1396 2660 pan*
1423 2623 1534 2655 πολλὰ
1562 2623 1611 2656 τὲ

866 2673 1074 2715 πράγματα·
1124 2665 1186 2707 ἔτι
1215 2681 1494 2721 μικρολογητέον,
1524 2672 1609 2714 ἔνθα

69 2727 188 2776 idem,
209 2738 247 2767 et
265 2727 432 2776 dedecet,
452 2741 524 2782 pro
546 2729 685 2767 vtentis
707 2730 809 2777 inge»
863 2731 988 2764 πολλά.
1028 2731 1065 2763 τί
1099 2730 1168 2772 γὰρ
1200 2724 1220 2769 ἦ
1250 2729 1295 2776 τῇ
1315 2725 1477 2778 Περσικξ
1502 2738 1609 2778 εχσίνῳ

69 2786 162 2832 ⁸103
189 2784 295 2841 qued
313 2784 397 2828 ulfi,
414 2797 571 2844 quoque
586 2785 809 2842 gebus-eon„
863 2783 1061 2829 μετρεῖεῧοις
1081 2786 1136 2821 δεῖ
1149 2789 1209 2826 τὴν
1232 2791 1366 2834 σοφίαν,
1391 2782 1412 2830 ἢ
1439 2793 1608 2832 παιδικοῖς

919 2839 949 2878 Β
1465 2842 1607 2893 πήχεσι,
