1863 3172
165 140 246 191 336

218 250 306 302 Spes
326 247 475 304 aliqua]
552 247 614 286 Ob
634 247 804 284 rationes
828 257 849 282 a
872 255 909 283 te

162 305 353 352 collectas,
383 306 624 356 maximeque
653 303 704 342 ob
725 299 910 352 gladiato-

162 365 242 403 rios
271 360 386 400 casus,
843 365 847 368 ’

225 433 278 472 Vt
299 441 343 470 tu
374 428 643 478 tamen'idem]
727 427 909 467 Adduelis

165 492 241 530 iam
270 487 485 526 rationibus
513 485 560 524 ad
590 484 759 537 aliquam
790 483 912 523 suble-

163 544 311 586 vandae
323 542 555 599 reipublicae
577 542 678 595 spem
700 556 911 580 accommo-

167 603 277 650 datis,
310 599 357 640 ad
388 598 494 639 illam
523 601 714 654 postremo
743 597 911 638 consola-

167 663 315 700 tionem
333 659 515 697 Lucceius
535 655 770 705 confugerat,
793 667 832 695 vt
857 655 912 693 di-

168 727 281 764 ceret,
303 713 365 755 vel
393 716 434 753 in
467 713 611 753 summa
647 712 912 766 desperatione

169 772 438 815 fortitudinem
475 782 601 810 tamen
631 768 702 808 esse
731 769 914 808 Ciceroni

168 831 372 885 praecipue
410 827 659 867 retinendam.
717 839 784 864 eur
814 827 916 863 enim

171 890 238 940 qui
260 886 440 925 maximas
473 899 544 931 reS,
575 883 736 921 aduersis
769 883 916 934 patriae

170 942 424 996 temporibus,
435 940 631 979 fortiffime
642 937 800 987 gesserit,
815 938 917 976 idem

173 1015 251 1039 non
274 1010 460 1052 perpetuo
480 997 516 1036 se
541 996 597 1035 sui
616 994 785 1041 sunilem,
803 996 842 1042 id
853 996 916 1041 est,

172 1057 313 1100 fortem
349 1055 658 1105 constantemque
687 1053 891 1104 praebeat?

230 1124 502 1178 Conscientiae]
589 1121 706 1171 Quod
727 1123 778 1161 est
803 1123 919 1160 maxi-

176 1199 281 1224 mum
333 1181 509 1221 solatium
553 1182 595 1218 in
621 1178 763 1219 malis.
796 1177 860 1218 lib.
879 1192 918 1231 4.

177 1242 278 1294 epist.
305 1252 339 1291 3.
393 1239 463 1278 Me
489 1239 554 1291 qui
569 1242 638 1276 lem
671 1237 799 1276 multa
840 1238 920 1274 iam

176 1297 441 1348 consolantur,
471 1296 718 1347 maximeque.
738 1293 921 1344 conscien-

175 1357 234 1396 tia
253 1352 495 1406 confiliorum
514 1365 694 1391 meorum.
726 1360 762 1389 et
792 1348 860 1389 lib.
882 1352 921 1392 6.

178 1412 282 1465 epist.
309 1422 344 1451 1.

238 1482 292 1521 Te
311 1479 481 1528 affore]
523 1476 690 1517 Consilio
709 1488 788 1516 tuo.

237 1536 434 1592 Gefflmus]
461 1534 646 1576 Catilinae
673 1545 848 1587 tempora
886 1535 924 1573 fi-

180 1598 343 1645 gnificat.
373 1605 463 1632 tunc
481 1595 582 1631 enim
612 1594 776 1631 maxime
803 1594 926 1630 virtus

180 1653 380 1692 Ciceronis
403 1652 559 1689 enituit:
593 1659 628 1688 et
656 1663 716 1688 eas
735 1646 844 1703 saepe
866 1662 926 1688 res

181 1708 347 1760 gloriose
379 1717 663 1746 commemorat.

241 1780 298 1820 Ab
319 1781 446 1819 animo
463 1780 699 1831 cuiusquam,
719 1785 789 1814 aut
815 1772 929 1826 consi-

183 1839 236 1880 lio
257 1834 433 1887 hominis]
459 1837 505 1872 In
521 1832 772 1886 opprimenda
799 1833 929 1870 coniu-

185 1896 337 1934 ratione
360 1906 441 1931 non
458 1893 577 1930 animi
598 1901 754 1930 tantum,
768 1888 830 1927 sed
842 1903 929 1927 con—

186 1951 259 1992 filii
280 1963 437 2004 quoque
465 1949 691 2002 praestantia
718 1960 815 1999 opus
844 1945 928 1984 fuit.

186 2009 276 2048 ideo
301 2008 500 2055 coniungit
525 2016 732 2057 Vtrumque
762 2005 802 2041 in
824 2003 928 2055 epist.

187 2080 228 2120 7.
251 2078 346 2104 ‘cum
379 2065 453 2102 ait:
499 2064 627 2119 Qum,
654 2075 738 2100 cum
767 2062 930 2106 veneris,

189 2135 301 2164 tanto
321 2120 487 2172 confiliO,
505 2129 691 2174 tantaque
713 2118 834 2156 animi
857 2130 928 2153 ma-

185 2177 387 2237 gnitudine
409 2193 433 2215 a
453 2191 511 2215 me
523 2174 630 2231 gesta
650 2172 711 2226 effi*
730 2172 933 2229 cognosces.

251 2233 428 2291 Aliquid]
468 2232 572 2282 Quid
602 2230 763 2284 amplius
782 2231 934 2283 potuit?

193 2295 390 2333 Nimirum
408 2290 509 2329 haud
529 2287 658 2343 paullo
683 2287 794 2341 plus,
821 2299 936 2339 quam

195 2351 280 2389 satis
301 2351 362 2395 est,
386 2347 538 2386 auidior
548 2344 692 2396 gloriae
709 2344 783 2383 fuit
800 2346 935 2383 Cicero

197 2408 344 2445 noster:
375 2405 479 2458 quod
509 2402 588 2457 ipse
617 2402 664 2441 ad
695 2398 935 2441 Dolabellam

197 2463 376 2512 scribens,
399 2463 466 2502 lib.
479 2473 517 2515 9.
548 2461 650 2514 epist.
677 2470 739 2513 14.
771 2460 936 2508 ingenue

379 132 612 175 PAvLm
640 119 936 172 MANVTII
964 128 1479 175 COMMENTARIVS

965 238 1153 280 confessus
1181 242 1242 280 est.
1282 257 1352 283 nos
1381 253 1510 282 autem
1540 243 1708 282 amemus

964 299 1178 347 ingenium,
1196 308 1233 336 et
1249 299 1459 346 imitemur,
1467 310 1651 352 quantum
1668 298 1712 338 li-

966 363 1036 401 cet,
1059 353 1332 405 eloquentiam,
1346 358 1452 395 euius
1464 358 1503 395 in
1522 355 1591 394 illo
1605 370 1713 408 prae·

966 410 1224 450 stantissimum
1255 412 1438 451 habemus
1476 412 1712 465 exemplum:

967 469 991 507 fi
1013 482 1088 520 qua
1105 469 1217 506 tantis
1238 470 1447 508 virtutibus
1467 469 1639 524 adspersa
1660 462 1714 508 la·

967 526 1034 564 bes
1057 523 1144 570 fuit,
1164 534 1205 562 vt
1218 526 1270 563 est
1290 524 1398 578 saepe
1411 540 1552 565 naeuus
1574 526 1713 580 aliquis

967 583 1009 620 in
1034 580 1293 634 pulcherrimo
1313 596 1488 635 corpore,
1515 583 1716 622 distimule-

967 652 1051 676 mus
1073 639 1215 690 potius,
1236 651 1351 691 quam
1379 636 1715 692 reprehendamus.

1030 705 1093 746 Ad
1108 706 1172 760 ea]
1215 709 1273 747 Ad
1294 708 1359 750 illa
1379 708 1572 762 praeclara
1591 710 1718 763 philo·

970 763 1125 817 sophiae
1147 765 1279 814 studia,
1318 780 1416 819 quae
1446 768 1609 805 maxime
1635 768 1719 820 po'st

970 820 1140 863 euersam
1158 816 1432 876 rempublieam
1455 822 1595 862 coluit:
1611 824 1718 876 quod.

973 880 1054 916 eius
1075 877 1244 917 indicant
1262 879 1410 934 scripta,
1431 880 1476 918 de
1492 879 1650 927 officiis,
1672 880 1718 920 de

974 934 1145 1028 PinilbuS,
1167 934 1410 977 Tusculanae
1430 935 1719 990 disputationes,

976 1002 1013 1030 et
1036 1004 1056 1028 a
1073 1004 1121 1029 ia.

1031 1061 1221 1100 Secundae
1245 1076 1309 1101 res
1323 1061 1532 1117 ornantur]
1617 1069 1720 1116 Qiia

977 1116 1241 1171 philosophiae
1267 1123 1476 1173 praeceptis
1499 1123 1552 1160 ita
1576 1136 1646 1162 nos
1659 1137 1722 1173 ge-

978 1177 1097 1213 rimus
1132 1176 1172 1212 in
1194 1174 1353 1214 secunda
1387 1176 1566 1226 fortuna,
1604 1191 1646 1219 vt
1673 1182 1720 1220 ab

979 1232 1160 1271 omnibus
1177 1236 1450 1286 temperantiae
1469 1233 1621 1275 laudem
1634 1251 1721 1277 con-

979 1287 1194 1342 sequamur.

1034 1360 1224 1410 Aduersve
1267 1358 1531 1414 adiuuantur]
1571 1352 1574 1354 v
1613 1354 1727 1412 Tuuj

981 1419 1072 1470 quia
1100 1415 1363 1469 philosophiae
1386 1422 1561 1459 traetatio
1579 1423 1632 1462 ita
1661 1423 1722 1462 de-

961 1472 1114 1521 'leEtat,
1143 1484 1184 1513 vt
1223 1487 1244 1512 a
1274 1477 1407 1513 ceteris
1438 1476 1619 1518 molestiis
1647 1483 1726 1520 ani-

980 1545 1085 1570 mum
1114 1530 1295 1577 abducat:
1338 1542 1417 1570 tum
1456 1537 1583 1582 etiam,
1620 1539 1726 1589 quia,

983 1588 1089 1641 quoj
1109 1589 1232 1627 abfita
1257 1588 1378 1642 culpa,
1396 1604 1475 1629 non
1495 1591 1568 1630 efl'e
1583 1594 1727 1634 malum

983 1644 1194 1699 persuadet,
1214 1643 1381 1698 ideoque
1405 1661 1474 1686 nec
1493 1662 1725 1704 magnopere

985 1701 1205 1740 dolendum.
1265 1703 1412 1742 Laudat
1446 1705 1575 1744 eadem
1606 1708 1726 1748 studia

984 1758 1088 1812 lib.4
1120 1760 1220 1812 epist.
1234 1772 1268 1812 3.
1290 1772 1326 1798 et
1347 1758 1413 1799 lib.
1429 1765 1467 1803 6.
1501 1765 1602 1815 epist.
1616 1776 1672 1806 12.
1691 1776 1729 1807 et

986 1815 1052 1856 lib.
1066 1828 1105 1869 9.
1127 1817 1230 1870 epist.
1251 1827 1288 1855 2.
1312 1827 1348 1867 3.
1381 1828 1416 1856 et
1438 1817 1531 1858 alibi
1550 1819 1670 1875 saepe.

1041 1884 1350 1940 Iisdmzfludiis]
1380 1890 1437 1927 Sic
1467 1889 1590 1939 malo,
1618 1903 1661 1932 vt
1681 1896 1733 1934 est

986 1946 1028 1983 in
1063 1943 1212 1982 duobus
1243 1945 1408 1997 antiquis
1441 1944 1572 1995 libris,
1601 1963 1730 2002 quam,

986 2011 1028 2041 vt
1046 2002 1086 2039 in
1107 1999 1323 2048 duodecim,
1351 2002 1558 2060 iisdemque
1578 2006 1730 2060 studiis.

990 2056 1167 2111 copulam
1216 2071 1297 2095 non
1336 2058 1451 2098 video
1491 2053 1732 2105 necessariam

991 2117 1077 2162 efle,
1100 2125 1137 2153 et
1160 2113 1327 2153 additam
1357 2114 1525 2170 suspicor
1554 2134 1574 2158 e
1605 2124 1732 2162 conie-

992 2174 1112 2219 &ura,
1143 2171 1248 2224 quod
1276 2169 1384 2219 illud,
1411 2177 1624 2215 animorum
1650 2168 1735 2218 con·

992 2228 1196 2275 iunflione,
1216 2227 1263 2266 ad
1283 2229 1443 2268 verbum
1454 2232 1648 2283 fruemur,
1674 2251 1732 2276 re-

992 2285 1193 2326 ferendum
1211 2285 1427 2325 videretur:
1456 2303 1538 2330 cum
1559 2304 1580 2328 a
1600 2289 1734 2346 seipso

992 2345 1118 2397 potius
1147 2353 1322 2392 regatur3
1360 2355 1401 2383 vt
1420 2345 1481 2384 fit:
1516 2345 1606 2386 ideo
1625 2350 1734 2391 fimul
1763 2335 1767 2340 ¹

992 2399 1065 2440 effe
1093 2399 1324 2445 videbimur,
1355 2404 1443 2453 quia
1472 2402 1645 2444 fruemur
1671 2410 1734 2447 iis.

993 2458 1079 2497 dem
1099 2455 1242 2506 studiis,
1261 2458 1397 2498 animis
1427 2462 1652 2503 coniunffls.

1505 2862 1743 2903 EPISTO·
