1863 3172
111 172 117 177 „
182 118 265 170 316

180 226 250 268 lib.
266 237 300 267 1.
320 225 361 264 in
381 229 469 264 Ver.
491 238 520 262 c.
536 233 599 264 10.
629 234 666 263 et
688 238 760 277 pro
782 224 930 265 debito-

181 296 237 329 re,
256 293 297 320 vt
312 282 385 328 hic,
408 291 445 319 et
470 279 576 331 quod
592 278 640 320 ab
664 280 805 334 Alphio
827 281 930 322 fene-

179 349 311 380 ratore
331 338 405 376 dici
426 334 578 375 solitum
597 336 714 376 refert
735 335 927 379 Coluinel-

179 393 218 434 la
253 393 318 433 lib.
341 409 372 434 1.
393 408 421 433 c.
439 404 478 446 7.
511 394 582 432 ‘vel
607 397 748 447 optima
773 398 927 436 nomina

178 464 255 491 uon
278 447 501 502 appellando
504 449 600 502 fieri
616 452 733 490 mala.

235 521 471 571 Antonium]
502 522 545 560 C.
568 522 928 570 Antonium,'coll'e-

176 591 262 628 gam
292 579 488 616 Ciceronis
517 579 558 615 in
597 577 815 627 consulatu,
854 582 923 633 qui

174 635 249 674 hoc
272 644 445 688 tempore
461 634 741 682 Macedoniam
755 638 921 686 regebat.

235 703 386 761 omnes]
427 707 588 752 Omnes,
615 708 682 758 qui
711 708 818 746 testes
839 707 922 749 sunt

173 775 352 802 meorum
374 763 414 800 in
443 772 481 801 te
502 765 741 803 meritorum.
815 766 922 804 Dixit

171 820 276 859 enim
304 820 346 857 in
376 817 532 872 epistola
556 818 774 873 superiore:
804 821 921 861 Meus

171 876 215 915 in
239 886 278 915 te
296 877 447 915 animus
475 890 590 931 quam
603 875 810 931 singulari
841 877 918 930 offi-

170 935 227 973 cio
249 931 402 984 fuerit,
436 943 475 971 et
495 933 667 982 senatus,
699 944 736 973 et
756 937 918 988 populus

171 989 366 1029 Romanus
385 989 488 1043 testis
512 989 575 1042 est.

224 1058 476 1115 Defiderant]
517 1061 577 1098 Sic
598 1061 638 1098 in
658 1061 834 1112 proxima
858 1059 915 1100 su-

168 1118 343 1172 periore:
383 1116 422 1156 St
451 1114 517 1155 abs
548 1127 588 1156 te
603 1117 760 1166 summa
789 1116 914 1169 efficia

165 1172 392 1224 defiderem,
432 1174 574 1212 mirum
616 1174 761 1211 nemini
786 1172 913 1215 videri

164 1229 309 1270 debeat.
368 1232 413 1268 Et
441 1227 598 1274 ibidem,
630 1230 732 1281 post:
761 1229 837 1269 Pro
862 1233 911 1271 iis

151 1286 273 1326 *rebus
295 1284 452 1325 nullam
465 1286 558 1325 mihi
585 1284 651 1325 abs
679 1296 715 1325 te
739 1287 909 1327 relatam

163 1341 225 1396 effe
246 1344 436 1398 gratiam,
465 1353 509 1383 tu
540 1357 574 1382 es
601 1343 765 1394 optimus
791 1345 907 1398 testis.

162 1401 339 1441 Notatur
358 1400 497 1448 ingrati
529 1401 648 1438 animi
669 1401 806 1438 vitium
832 1401 907 1441 hoc

162 1457 306 1496 verbo:
336 1458 427 1509 quia
447 1455 705 1495 desiderantur
728 1469 784 1504 ea,
807 1473 905 1512 quae

161 1528 242 1553 non
266 1514 483 1553 habeamus.

218 1585 265 1625 In
271 1583 432 1636 senatu]
456 1585 554 1623 Cum
577 1593 753 1633 ageretur
774 1585 820 1624 de
832 1588 906 1625 An·

164 1643 277 1682 eonio
299 1655 343 1679 ex
364 1642 565 1694 prouincia
591 1641 642 1680 ob
670 1644 823 1694 rapinas
847 1657 905 1683 re-

158 1697 355 1740 vocando:
398 1708 440 1737 vt
469 1711 515 1736 ex
552 1696 619 1737 lib.
646 1710 679 1740 1.
718 1699 766 1737 ad
793 1702 904 1740 Attic.

159 1757 263 1814 epist.
282 1765 344 1796 12.
355 1753 550 1804 intelligo:
570 1756 612 1794 in
631 1769 706 1808 qua
725 1754 905 1810 scriptum

411 113 639 153 PAVLLI
677 113 968 153 MANVTII
1003 113 1508 157 COMMENTARIVS

986 227 1038 264 est
1056 224 1152 264 hoc:
1180 225 1274 264 mihi
1290 225 1510 278 Pompeiani
1526 224 1727 277 prodromi

984 283 1193 327 nunciant,
1220 292 1346 332 aperte
1380 285 1594 332 Pompeium
1618 281 1724 322 ac'lu-
1788 303 1792 308 Δ

984 351 1085 383 rum,
1108 339 1271 376 Antonio
1274 337 1433 386 succedi
1452 349 1632 389 oportere.
1677 342 1722 378 Et
1767 364 1771 369 ·

975 393 1126 448 ⁴ibidem
1160 391 1291 446 paullo
1320 396 1415 446 post,
1442 398 1625 449 pecuniae
1652 410 1722 435 no-

981 453 1178 490 minantur
1195 464 1217 488 a
1237 451 1280 489 C.
1305 454 1473 505 Antonio
1501 455 1635 491 iniuste
1662 467 1723 492 co·

979 510 1096 548 ac'ftae.
1143 521 1185 546 ea
1222 520 1343 560 porro
1382 508 1537 561 epistola
1568 508 1720 558 iisdem,

981 565 1121 616 quibus
1140 565 1243 611 haec,
1261 564 1300 602 id
1320 565 1382 611 est,
1410 564 1540 605 Pisone
1568 576 1604 605 et
1623 566 1722 605 Mes·
1771 581 1799 670 ἰ

981 690 1105 718 tamen
1130 681 1319 717 Antonius
1338 677 1411 717 hoc
1429 693 1531 717 anno
1549 693 1630 717 non
1654 681 1719 727 est,
1750 675 1752 677 ¹
1782 676 1799 715 ..Ξ

977 734 1101 776 sedin
1130 736 1330 789 prouincia
1363 736 1493 774 mansit
1522 750 1642 788 vsque
1669 735 1719 776 ad

977 790 1210 831 consulatum
1225 790 1391 830 Caesaris
1411 802 1447 830 et
1465 791 1614 837 Bibuli;
1634 794 1718 844 qui·
1775 827 1786 842 ,Δ

975 850 1046 888 bus
1067 847 1282 887 consulibus
1303 848 1499 887 damnatus
1517 850 1581 895 est,
1600 859 1716 902 atque
1781 852 1792 893 '2

975 907 1090 944 etiam
1130 904 1283 944 videtur
1318 904 1465 958 aliquot
1515 907 1594 944 eius
1624 907 1717 947 anni
1772 907 1782 935 ν’

980 619 1068 660 salla
1089 619 1174 660 coff.
1194 620 1328 674 scripta
1364 623 1425 661 est.
1507 624 1720 675 Reuocatus

972 960 1117 1001 menses
1137 963 1178 1000 in
1198 963 1423 1001 Macedonia
1451 961 1573 1010 fuisse,
1592 964 1617 1000 fi
1637 966 1715 1016 epi-

972 1029 1099 1057 tomae
1114 1019 1291 1069 Liuianae
1306 1031 1398 1073 103.
1421 1020 1537 1059 verba
1550 1021 1712 1059 conside·
1768 1012 1790 1049 »x

970 1087 1115 1114 rentur.

1026 1129 1267 1184 Grauiffime]
1322 1135 1384 1179 Vt,
1400 1134 1583 1187 grauiter
1601 1149 1710 1175 accu-

955 1187 1139 1238 sarejita
1163 1190 1340 1239 grauiter
1368 1189 1588 1240 defendere,
1616 1189 1706 1231 dici-

966 1255 1050 1285 tur:
1077 1259 1176 1299 quae
1198 1244 1333 1284 summi
1353 1245 1465 1284 studii
1487 1247 1708 1297 significatio

963 1303 1027 1342 est.

960 1474 1038 1511 iam
1056 1472 1104 1511 ad
1133 1473 1298 1511 Atticum
1325 1471 1540 1526 scripserat,
1568 1472 1636 1515 lib.
1667 1488 1701 1529 1¹.

961 1531 1065 1583 epist.
1088 1539 1147 1569 12.
1673 1550 1678 1554 ’
1739 1571 1741 1575 ⁴

1018 1584 1228 1638 Commoui]
1314 1587 1371 1625 Ita
1399 1589 1629 1636 commouit,
1659 1597 1704 1629 vt

960 1642 1140 1682 manserit
1179 1644 1307 1696 postea
1356 1643 1402 1684 C.
1433 1645 1619 1683 Antonius
1655 1647 1701 1685 in
1765 1657 1767 1660 ⁴

959 1701 1159 1754 prouincia
1194 1714 1316 1753 vsque
1353 1699 1401 1739 ad
1437 1700 1634 1744 Caesarem
1661 1711 1701 1744 et
1755 1710 1758 1716 “

960 1755 1141 1798 Bibulum
1159 1754 1247 1797 coff.

601 1881 1096 1922 EPISTOLAE
1151 1881 1253 1922 vn.

560 1969 1300 2019 ARGVMENTVM.

281 2053 526 2094 Gratulatur
543 2055 714 2107 Pompeio
737 2055 785 2096 de
805 2055 1049 2098 Mithridate
1067 2055 1167 2098 viHo
1179 2072 1194 2094 .·
1220 2055 1360 2097 deinde
1378 2057 1507 2111 carpit
1522 2069 1620 2105 eum,
1645 2068 1693 2098 vt

145 2111 308 2166 gratiae
325 2108 548 2161 referendae
565 2123 706 2163 parum
718 2111 940 2164 studiqfitm,
970 2116 1058 2168 quia
1070 2112 1149 2167 fibi
1165 2111 1213 2154 de
1234 2115 1427 2155 Catilinae
1453 2115 1687 2154 coniuratio-

148 2181 196 2206 ne
216 2165 402 2222 exstinfla
414 2167 570 2223 frigide
579 2170 810 2224 gratulatus
831 2182 938 2210 erat:
954 2171 1002 2222 fi·
1017 2182 1146 2210 tamen
1163 2172 1196 2210 ei
1215 2183 1297 2210 tum
1318 2173 1360 2210 in
1380 2169 1588 2221 republica,
1606 2181 1689 2210 tum

148 2225 190 2262 in
212 2224 646 2264 amicitia'coniunc‘lum
657 2225 964 2284 forestgnificat.
992 2229 1146 2280 firipta
1178 2227 1311 2268 Silano
1339 2237 1379 2268 et
1405 2227 1576 2268 Murena
1608 2224 1692 2283 cqffl

149 2290 240 2320 ante
259 2292 406 2321 ceteras
424 2293 561 2333 omnes,
582 2295 679 2336 quae
696 2285 763 2323 hoc
784 2285 979 2326 volumine
1006 2286 1258 2327 continentur.

654 2398 1170 2438 EXPLANATIO.

144 2484 257 2568 CN
282 2484 343 2537 Ε]
383 2485 455 2525 Cn.
483 2486 656 2540 Pompeii
676 2487 887 2536 Strabonis,

223 2543 290 2594 qui
311 2541 357 2580 de
384 2541 578 2581 Asculanis
607 2554 643 2583 et
669 2545 884 2584 Picentibus

139 2597 271 2636 ecnsul
292 2599 555 2651 triumphauit,
567 2613 671 2639 anno
683 2603 883 2641 DCLXIV.

198 2654 366 2710 Magno]
419 2658 504 2694 Hoc
523 2657 558 2694 ei
579 2671 792 2707 cognomen
821 2657 882 2699 de-

141 2710 198 2749 dit
242 2709 367 2751 Sullae
404 2708 602 2758 salutatio;
644 2729 729 2754 cum
759 2714 881 2754 adhuc

112 2814 117 2821 ,
140 2781 256 2823 eques
275 2769 497 2824 Romanus,
521 2767 743 2814 adolescens·
760 2784 881 2812 annos

942 2496 1052 2526 natus
1073 2489 1206 2526 XXIV.
1244 2484 1421 2534 Siciliam,
1457 2487 1579 2526 εὶεᾶο
1599 2487 1684 2527 Per-

942 2557 1074 2598 perna,
1095 2542 1199 2584 caeso
1224 2544 1401 2582 Carbone
1416 2542 1581 2598 consule,
1601 2546 1683 2583 Ma·

941 2603 1136 2643 rianarum
1171 2601 1337 2653 partium
1363 2599 1543 2647 ducibus,
1576 2613 1682 2641 recu·

939 2656 1112 2711 perasset‚
1132 2656 1295 2696 Africam
1315 2671 1409 2696 vero
1436 2659 1513 2696 Χ1.
1534 2656 1681 2704 diebus,

938 2714 1140 2759 interfe&o
1178 2715 1248 2753 Cn.
1298 2715 1485 2761 Domitio,
1520 2713 1679 2760 Hiarba,

936 2771 1146 2815 Numidiae
1177 2783 1290 2822 rege,
1310 2780 1439 2826 ,capto
1469 2767 1679 2818 subegisset.

1510 2827 1678 2881 epitome

1021 1357 1207 1412 Defhndz]
1237 1361 1492 1411 Quamquam,
1521 1374 1589 1400 nec
1618 1353 1704 1401 liee-
1732 1376 1735 1377 ⁷
1766 1330 1769 1333 Ι

961 1429 1003 1454 re
1023 1417 1090 1454 fibi
1113 1429 1199 1454 eum
1228 1414 1443 1462 defendere,
1472 1431 1540 1455 nec
1568 1415 1704 1467 libere,
1730 1447 1733 1450 -
1766 1438 1770 1446 v·
