1863 3172
170 159 272 209 ,34

217 255 364 310 Nosti-a
401 264 674 316 propugnatio,
710 274 757 299 ac
789 257 904 303 defen
921 274 959 302 ιο

211 313 421 368 dignitatis
440 327 545 363 tuae,
578 325 735 368 propter
767 319 958 372 magnitu-

212 369 343 409 [mem
362 369 532 424 beneficii
549 374 620 421 tui,
642 369 805 426 fortoJJ}
818 375 957 425 pleris-

211 440 283 482 que
318 426 434 480 officii
480 431 659 468 rnaiorem
686 430 957 469 anesim-itatem

210 483 349 523 habere
373 482 569 532 videatur,
600 498 716 541 quam
730 484 955 536 sententiae.

267 553 520 609 Gratzficmi]
550 558 554 559 ⁷
577 557 623 594 In
651 569 712 610 eo,
731 555 837 609 quod
864 570 886 595 a
918 565 956 596 te

427 146 646 188 PAVLLI
681 147 974 188 MANVTII
1008 115 1533 195 COMMENTARivs

1013 261 1278 317 antiquitatis,
1305 273 1394 304 ante
1426 278 1490 305 me
1518 276 1652 307 natum
1683 266 1761 309 edi·

1014 318 1083 357 ὥς.

1069 375 1315 430 Exagitatis]
1332 420 1335 423 ,
1354 378 1534 416 Grauiter
1567 380 1761 432 vitupera-

1014 432 1076 470 tis.
1106 431 1152 468 fic
1171 432 1212 468 in
1244 432 1408 471 Oratore
1437 445 1548 487 c.13.
1633 438 1760 486 Plato,

1012 488 1237 538 exagitator
1255 491 1421 528 omnium
1440 488 1648 538 rhetorum,
1659 491 1760 532 bum·

1015 546 1184 582 miratur
1200 557 1327 585 omme.
1386 546 1430 589 Et
1451 544 1606 590 Coelius
1627 546 1694 586 lib.
1720 554 1764 597 8.

207 609 369 649 caussam
427 614 570 662 regiam
628 612 677 652 ad
730 615 958 668 Pompeium
1015 600 1120 652 epist.
1138 609 1200 640 11.
1222 601 1349 640 Totus
1366 602 1447 641 eius
1455 602 1650 652 ficundus
1674 617 1759 644 con·

208 667 450 708 transferant.

180 787 182 789 ¹
219 743 221 746 ⁴
263 739 397 779 Multo
418 751 520 787 ante,
539 754 656 795 quam
673 738 870 793 proseHus
889 742 948 790 es]

205 795 363 835 Prorsus
387 799 428 835 in
449 807 530 836 tota
560 795 716 850 epistola
750 798 948 836 Ciceronis

203 853 423 902 ingenium,
450 863 488 893 et
520 855 729 893 oratoriam
768 852 950 893 callidita-

204 919 282 950 tem
301 910 474 960 agnosco.
502 924 590 950 nam
625 909 860 950 exulceratae
888 924 948 950 res

203 968 287 1022 post
316 966 469 1006 Lentuli
499 968 803 1021 profee‘donem,
840 981 949 1016 argu-

204 1034 336 1074 mento
384 1022 456 1063 effe
495 1035 676 1079 poterant
722 1022 946 1074 diligentiae

201 1079 495 1136 praetermissae.
523 1081 563 1120 id
593 1095 641 1120 ne
673 1083 790 1121 obiici
822 1081 945 1136 poffit,

202 1139 368 1177 occurrit
409 1139 467 1176 his
500 1139 648 1178 verbis:
685 1139 808 1179 multo
838 1150 944 1186 ante,

201 1209 312 1251 quam
325 1193 522 1247 profeelus
550 1211 601 1235 es.
681 1195 796 1244 Qod
826 1197 942 1234 etiam

199 1255 312 1292 iterat
333 1253 373 1290 in
398 1250 553 1305 epistola
575 1250 758 1305 sequenti,
772 1266 856 1292 cum
868 1253 941 1292 ait:

198 1319 322 1351 totam
361 1323 442 1348 rem
477 1309 589 1364 istam
627 1308 851 1364 iampridem
877 1307 944 1364 effi

197 1376 431 1418 corruptam.
455 1394 458 1397 v
732 1383 737 1384 ⁷
937 1392 939 1395 -

252 1435 312 1477 Ab
330 1436 404 1489 ipso
425 1435 533 1491 rege]
570 1438 668 1475 Cum
692 1446 734 1476 tu
756 1437 817 1475 hic
835 1435 940 1477 effes.

198 1507 284 1534 nam
304 1506 431 1542 regem
450 1492 536 1531 ante
556 1493 711 1533 Lentuli
733 1494 942 1548 profefflo-

196 1565 282 1590 nem
303 1551 350 1589 ab
370 1550 464 1589 vrbe
491 1549 701 1599 disceffifl'e,
732 1550 939 1592 Fenestella

198 1610 290 1648 teste
308 1608 572 1661 probauimus.

252 1683 518 1732 Exulcerotis]
570 1683 788 1736 Corruptis,
838 1681 938 1722 male

194 1740 359 1781 affeffls:
388 1738 636 1779 translatione
666 1741 712 1779 ab
733 1739 938 1788 vlceribus,

196 1812 294 1852 quae
321 1795 443 1850 saepe,
468 1794 577 1836 illato
609 1811 749 1846 vngue,
778 1796 938 1836 dilatan-

196 1867 271 1895 tur.
354 1856 422 1893 His
468 1858 594 1893 autem
642 1853 935 1896 translationum

196 1912 298 1966 quafi
318 1909 540 1958 luminibus,
556 1912 582 1950 fi
614 1914 721 1950 cuius
745 1913 846 1951 inter
867 1914 934 1951 La-

194 1973 310 2015 tinus,
340 1969 536 2008 Ciceronis
566 1970 727 2007 maxime
765 1967 936 2021 splendet

195 2027 333 2066 oratio.
357 2023 560 2064 Translata
573 2039 692 2078 porro
712 2026 831 2065 vcrba
848 2024 933 2079 plus

193 2084 333 2123 habere
352 2081 609 2130 iucunditatis,
632 2096 743 2135 quam
762 2085 935 2137 propria,

196 2154 293 2194 quae
323 2149 515 2192 tamquam
543 2139 767 2192 quotidiana
796 2139 936 2179 fastidi-

194 2212 277 2238 mus
298 2197 502 2244 interdum,
523 2210 565 2234 ac
585 2195 668 2250 plus
691 2199 805 2236 etiam
828 2197 875 2236 ad
893 2197 935 2236 si·

185 2253 447 2305 *gnificandum
476 2251 626 2302 valere,
658 2253 743 2293 satis
779 2256 933 2295 constat.

193 2326 280 2350 nam
301 2313 389 2362 quia
411 2314 725 2364 comparationes,
751 2321 788 2350 et
807 2311 933 2351 simili-

1007 657 1164 708 Julatus
1180 670 1255 696 exa
1284 659 1423 697 iratur.

1060 711 1260 752 Inuidiam
1315 713 1533 763 Infamiam,
1567 716 1620 755 ob
1649 727 1758 769 aper-

1007 777 1083 807 tam
1103 770 1202 817 regis
1232 768 1488 819 largitionem.
1521 770 1654 826 supra:
1693 774 1757 814 Se-

1006 837 1124 865 natus
1152 827 1354 882 religionis
1383 831 1642 879 calumniam,
1678 843 1756 869 non

1006 883 1203 935 religione,
1213 883 1292 934 sed
1318 885 1589 925 mali-uolentia
1601 913 1612 932 ,
1641 897 1680 925 et
1700 887 1754 927 il·

1007 940 1083 978 lius
1097 942 1229 994 regiae
1250 940 1475 997 largitionis
1492 941 1646 983 inmitia
1656 957 1754 985 com·

996 995 1151 1048 probat.
1353 1041 1361 1046 ,
1673 1037 1675 1039 ,

1059 1053 1123 1091 Ita
1141 1047 1361 1104 versamur]
1393 1055 1507 1103 Qafi
1530 1053 1642 1102 dicat,
1665 1057 1750 1109 post

1000 1107 1193 1147 discessum
1216 1120 1324 1160 tuum
1344 1110 1443 1150 nihil
1466 1112 1593 1151 damni
1604 1112 1751 1153 faeiuni

1000 1167 1052 1204 est
1073 1167 1190 1204 noui:
1231 1167 1283 1205 ita
1319 1165 1514 1208 versamur
1543 1171 1595 1207 in*
1616 1169 1751 1219 caussa,

997 1234 1040 1262 vt
1061 1233 1149 1262 ante
1169 1235 1283 1275 quam
1309 1234 1351 1263 tu
1379 1225 1574 1278 profefms
1596 1240 1647 1266 es.

1057 1280 1242 1333 Nostram
1252 1280 1397 1332 fidem]
1422 1281 1646 1333 Negotiales
1669 1286 1749 1339 epi-

999 1335 1114 1376 stolae
1143 1335 1352 1377 moralibus
1395 1337 1478 1378 fere
1515 1338 1749 1381 clauduntur

998 1392 1218 1438 sententiis3
1268 1404 1304 1434 et
1332 1392 1526 1436 'vitandae
1564 1398 1747 1438 satietatis

998 1450 1140 1496 caussa3
1171 1452 1260 1504 quia
1279 1451 1471 1492 fastidium
1491 1457 1593 1508 parit
1613 1469 1634 1494 a
1667 1457 1747 1509 pri-

996 1523 1062 1548 mo
1082 1508 1129 1548 ad
1141 1506 1317 1548 Vltimum
1332 1511 1522 1562 produehi
1547 1515 1747 1558 narratio;

993 1575 1033 1605 et
1052 1565 1158 1619 quod
1177 1567 1302 1614 amici,
1323 1569 1380 1606 vti
1401 1567 1542 1616 sumus,
1563 1570 1745 1610 ita'vide·

993 1625 1030 1663 ri
1047 1621 1240 1664 volumus.
1563 1644 1569 1647 -

1052 1680 1361 1735 Praesentisque,
1409 1680 1473 1723 mi
1523 1685 1743 1739 cognoficent

995 1748 1112 1778 ERN.
1167 1738 1456 1791 Praesentisque
1501 1743 1740 1796 cognoscent]

993 1797 1100 1842 Sunt,
1136 1796 1203 1847 qui
1240 1792 1377 1843 legant,
1401 1797 1623 1847 praesentes
1654 1801 1743 1838 tui.-

993 1854 1096 1893 reGoe
1115 1849 1288 1890 fortass‘e:
1316 1851 1411 1891 mihi
1437 1863 1563 1892 tamen
1593 1853 1741 1895 senten·

993 1911 1044 1949 tia
1073 1922 1152 1947 non
1179 1909 1335 1948 arridet.
1383 1923 1481 1962 quae
1509 1912 1612 1950 enim
1645 1912 1740 1952 haec

992 1967 1149 2013 amoris,
1170 1977 1208 2005 et
1230 1965 1319 2005 fidei
1347 1968 1505 2006 minime
1536 1968 1739 2010 necessaria

993 2024 1213 2063 distinfflo?
1242 2038 1309 2063 cur
1329 2037 1409 2062 non
1434 2035 1472 2063 et
1499 2039 1609 2064 amor
1629 2026 1736 2067 fimul

966 2084 969 2088 ”
992 2096 1076 2120 cum
1100 2079 1173 2120 fide
1193 2081 1239 2119 ab
1261 2081 1453 2129 omnibus,
1477 2092 1514 2121 et
1532 2083 1622 2121 fides
1642 2086 1737 2124 item

991 2136 1098 2178 simul
1132 2152 1216 2177 cum
1247 2151 1380 2176 amore
1414 2152 1435 2177 a
1469 2139 1734 2192 praesentibus

991 2194 1261 2245 cognoscatur?
1295 2197 1452 2244 Qianto
1482 2206 1520 2235 et
1559 2195 1736 2251 planius,

989 2264 1028 2293 et
1075 2251 1341 2291 commodius:
1407 2252 1576 2306 nostram
1608 2255 1739 2307 fidem

987 2323 1123 2355 omnes,
1145 2323 1313 2349 amorem
1329 2309 1390 2349 tui
1407 2309 1587 2358 absentis,
1619 2323 1736 2363 prae·

195 2368 342 2409 tudines
359 2380 438 2406 rem
468 2367 580 2420 plane
607 2367 812 2419 subiiciunt
841 2383 931 2408 ocu·
975 2367 1175 2422 semisque
1194 2366 1441 2422 cogitosi-ent?
1471 2367 1577 2419 quod
1605 2369 1656 2408 est
1688 2370 1733 2409 in

194 2424 261 2469 lis;
278 2424 365 2463 ideo
385 2424 578 2472 translata,
592 2438 690 2478 quae
705 2425 801 2464 nihil
811 2424 929 2473 aliud,
985 2423 1137 2464 duobus
1159 2423 1325 2476 antiquis
1347 2420 1489 2472 libris:
1525 2426 1566 2463 in
1596 2427 1732 2466 ceteris

192 2482 465 2535 quanrbreues,
484 2492 521 2532 et
534 2481 702 2520 concisae
714 2481 927 2521 similitudi·
982 2491 1112 2520 autem
1131 2481 1324 2527 omnibus,
1345 2493 1442 2532 quos
1473 2481 1628 2534 quidem
1657 2495 1730 2532 ego

190 2553 257 2578 nes
279 2537 375 2584 sunt,
395 2540 524 2587 vigere
534 2540 650 2588 magis
669 2541 710 2577 in
730 2539 928 2585 ostenden·
982 2537 1170 2583 viderim,
1202 2535 1371 2584 diuerse,
1411 2551 1491 2576 non
1535 2548 1660 2578 tamen
1687 2549 1733 2579 vt-

191 2595 237 2634 da
258 2609 311 2642 re,
322 2607 438 2647 quam
462 2597 631 2648 propria,
649 2595 840 2635 videntur.
854 2596 926 2636 Sed
982 2593 1168 2633 sententia
1201 2603 1393 2633 mutetur:
1450 2597 1512 2634 tui
1550 2596 1730 2645 absentis,

190 2653 236 2691 de
258 2650 504 2691 translatione
524 2651 753 2699 Aristoteles,
774 2655 927 2701 Cicero,
976 2651 1261 2704 praesentisque
1274 2652 1344 2690 tui.
1376 2652 1498 2703 potest
1509 2653 1610 2690 enim
1633 2651 1730 2692 ferri

189 2710 404 2749 Demetrius
425 2710 468 2746 in
490 2710 622 2761 primis
648 2711 689 2748 in
713 2707 783 2748 illo
805 2723 923 2749 aureo
982 2721 1200 2761 pronomen
1219 2709 1418 2747 iteratum:
1456 2710 1579 2761 potest
1598 2710 1729 2758 etiam,

186 2775 263 2813 mg»)
293 2767 471 2812 ἑρμηνείαις
514 2763 668 2813 libello,
706 2780 821 2819 quem
860 2780 924 2820 pa·
979 2764 1086 2817 quod
1108 2762 1237 2802 malim
1256 2764 1423 2812 credere,
1452 2767 1632 2805 iteratum
1670 2767 1726 2806 vi·

189 2833 246 2862 ter
290 2836 421 2870 meus,
471 2822 722 2862 restituendae
762 2824 922 2878 cupidus
978 2822 1060 2861 deri
1081 2821 1274 2875 scriptoris
1302 2823 1463 2861 incuria.
1503 2821 1612 2863 nullo
1633 2825 1728 2918 ‹qui-

191 2882 204 2893 s
1661 2893 1721 2919 ein
