1863 3172
214 101 294 149 458

213 207 426 249 Terentius
471 216 606 256 porro,
651 208 693 237 vt
736 198 890 250 opinor,
906 253 914 260 ι
933 209 955 234 a

211 266 359 310 Plauto,
381 263 508 314 paucis
540 255 765 300 immutatis,
792 262 954 305 accepit:

210 321 310 376 apud
331 332 442 371 quem
464 320 505 354 in
541 312 670 352 Pseud.
694 313 775 350 A&
795 325 825 349 r.
844 311 898 348 Sc.
921 319 953 348 1.

211 396 248 419 v.
269 382 327 420 16.
363 376 415 412 ita
446 371 621 425 loquitur
649 365 852 408 Pseudolus
883 364 953 404 ser-

240 452 281 475 US
294 453 301 473 Ζ

212 451 245 503 v*
263 512 371 524 -—-
401 487 480 527 Fac
509 499 568 525 mo
595 493 754 529 certum,
769 477 868 536 quid
882 477 955 518 tihi

378 542 437 598 ψ.

432 56 665 132 PAthr
703 83 995 126 MANV-ru
1022 79 1565 143 COMMENTAmvr

1068 193 1211 234 quabo
1230 205 1299 233 aut
1331 207 1386 241 re,
1420 204 1492 233 aut
1513 203 1626 246 opera
1635 189 1658 240 ,f
1677 201 1748 233 aut

1179 250 1330 301 confilio
1349 249 1450 290 bono.

1008 305 1066 346 Ad
1088 307 1187 345 hunc
1207 308 1390 346 Terentii
1410 302 1559 358 versum
1586 302 1749 356 respexit

1008 365 1122 402 etiam
1142 362 1206 402 lib.
1220 375 1258 416 9.
1271 362 1317 402 ad
1327 365 1436 402 Attic.
1449 363 1550 414 epist.
1562 365 1598 403 6.
1619 361 1750 412 Eripe,

1007 422 1145 473 inquit,
1164 420 1257 459 mihi
1275 420 1372 461 hunc
1392 418 1569 471 dolorym,
1582 429 1653 456 aut
1674 419 1748 455 mi·

1007 477 1250 526 nuefizlcem,
1280 487 1350 515 aut
1377 475 1646 526 consolatione,
1675 481 1748 512 aut

1006 535 1170 587 conjilm,
1192 543 1262 573 aut
1282 545 1515 589 quacumque
1543 545 1586 571 re
1601 532 1717 585 potes.

725 605 1089 686 ‘EPISTOLAE
1141 646 1215 685 XI.

599 746 636 788 A
677 735 1351 797 RGVMENTVM.

341 845 513 886 Primum
539 841 704 882 iocatur,
735 844 779 874 vt
789 833 905 885 filet,
925 832 1276 885 occtgfi'onefitmpta
1293 829 1340 870 ab
1360 832 1617 888 interregnis.-
1642 831 1746 873 dein-

207 904 255 946 de
264 902 411 956 fiffldff
425 932 432 946 a
456 909 498 939 vt
501 897 563 948 ²st
572 893 691 945 '³0⁷³st
695 905 794 931 “iem
808 890 1091 945 facultatesque
1099 893 1198 940 fimf
1221 899 1349 944 auget,
1369 900 1524 928 maneat
1544 888 1650 942 apud
1657 891 1746 929 Cae-

194 963 350 1015 sarem5
376 957 436 1010 fin
471 957 609 998 minus,
631 951 793 989 Remum
809 947 857 998 se
875 948 1050 1001 recipiat.

206 1032 334 1076 regno.

1131 948 1241 985 Anno
1277 946 1318 984 V
1313 943 1392 985 rbis
1412 945 1526 987 DCC.
1557 949 1599 986 in
1625 947 1742 987 inter-

715 1130 1228 1170 EXPALANATIO.

265 1226 490 1284 elin-queres]
521 1227 581 1265 Ob
603 1226 838 1271 interregna:
860 1221 942 1273 qui-

202 1244 262 1322 Κ
292 1292 361 1329 bus
381 1284 519 1325 iudicia
540 1284 731 1324 iacebant3
763 1276 943 1318 tumnul-

203 1348 276 1394 lus,
299 1346 365 1399 qui
381 1347 438 1381 ius
460 1341 614 1387 diceret,
642 1341 683 1377 in
700 1337 808 1396 >vrbe
829 1336 943 1400 magi-

202 1408 334 1445 strat-tm
356 1400 454 1440 ess'et.
484 1412 570 1436 nam
592 1399 760 1435 interrex
780 1407 859 1435 non
885 1406 940 1430 iu·

200 1465 252 1503 ris
275 1458 424 1498 dicendi
446 1453 566 1494 caussa
587 1453 796 1497 creabatur,
819 1448 879 1487 sed
901 1458 943 1487 vt

198 1521 358 1560 haberet
382 1514 535 1552 comitia
567 1507 780 1549 consulibus
808 1519 944 1554 rogan-

202 1577 272 1616 dis.
329 1576 592 1618 interregnum
612 1569 755 1604 Romae
775 1565 944 1617 primum

198 1633 288 1678 fuit,
321 1643 425 1674 cnm,
456 1623 621 1665 Romulo
651 1632 819 1666 mortuo,
848 1633 944 1658 non-

171 1716 178 1719 κ
201 1691 293 1730 dum
317 1689 444 1726 Numa
464 1697 530 1722 rex
551 1690 694 1720 creatus
723 1676 824 1718 effet.
852 1675 943 1715 inde

199 1747 354 1791 suetum,
378 1741 537 1780 liberata
555 1739 661 1787 regio
682 1735 880 1775 dominatu
894 1735 943 1772 ci·

198 1806 332 1847 vitate,
359 1808 413 1846 vt,
448 1811 531 1836 cum
558 1797 599 1834 in
621 1807 764 1832 annum
786 1790 942 1844 sequen-

197 1874 273 1902 tem
309 1858 472 1896 extra&
509 1853 663 1892 comitia
701 1848 838 1895 essent,
870 1861 939 1886 nee

198 1918 268 1959 vlli
291 1915 405 1954 creati
434 1908 580 1951 curules
607 1907 855 1955 magistratus,
883 1906 938 1942 in-

197 1986 324 2016 terrex
373 1966 638 2008 habendorum
692 1963 937 2002 comitiorum

196 2032 318 2083 gratia
338 2027 578 2082 proderetur.
614 2021 762 2068 Liuius,
791 2019 935 2063 Diony-

198 2092 284 2135 ssus,
307 2083 538 2127 Plutarchus,
556 2078 635 2118 alii.

259 2146 331 2185 Tot
352 2135 596 2193 interregnis]
650 2137 758 2182 Qot
779 2133 938 2171 interre-

196 2217 270 2254 gna
304 2200 445 2239 fuerint
472 2210 518 2234 eo
547 2206 664 2239 anno,
692 2187 802 2229 facile
831 2190 941 2227 inue-'

193 2262 291 2306 niet,
317 2258 381 2309 qui
400 2256 565 2294 Dionem
588 2259 624 2289 et
650 2247 859 2286 Pedianum
885 2254 938 2283 at-

195 2327 299 2358 tente
331 2313 475 2362 legerit.
504 2319 670 2361 quorum
688 2303 754 2343 ille
777 2301 845 2341 lib.
865 2312 934 2354 40.

195 2372 349 2425 scripfit‚
369 2384 416 2408 eo
445 2379 559 2412 anno,
586 2376 663 2416 quo
686 2359 869 2401 Caluinus
900 2366 937 2395 et

194 2427 363 2472 Mess'assa
385 2422 616 2464 consulatum
637 2417 788 2468 gessere,
800 2415 937 2455 vrbem

193 2489 270 2528 fine
311 2481 584 2531 magistratibus
621 2474 730 2514 fuiffe
769 2487 838 2527 per
875 2470 936 2509 sex

194 2541 362 2584 menses:
402 2538 583 2577 Pedianus
611 2542 737 2571 autem
764 2529 811 2568 ad
839 2538 934 2568 orat.

196 2615 270 2656 pro
291 2597 370 2638 Mil.
394 2607 472 2639 ας.
507 2590 716 2638 interregni
747 2586 826 2625 dies
855 2598 935 2623 non

193 2657 321 2712 plures
337 2641 505 2708 quintine
526 2646 634 2687 fuisse
654 2643 822 2684 tradidit.
852 2641 935 2680 sunt

195 2716 313 2763 igitur
379 2710 447 2748 hae
503 2707 651 2744 ratione
717 2703 935 2747 interregna

195 2770 366 2814 XXXVI.
401 2768 442 2805 in
467 2762 527 2803 sex
560 2758 760 2801 menfibus.
847 2758 933 2797 Duo

998 1217 1082 1257 fiunt
1097 1232 1305 1273 praeterea,
1323 1233 1420 1272 quae
1437 1219 1547 1260 docet
1563 1217 1665 1259 idem
1673 1221 1740 1260 Pe-

1000 1276 1146 1325 dianus,
1184 1291 1264 1316 non
1294 1276 1525 1323 omittenda,
1560 1287 1602 1316 vt
1638 1277 1738 1317 arbi-

999 1344 1103 1373 tror:
1143 1348 1276 1381 vnum,
1304 1336 1532 1384 interregem
1561 1348 1640 1373 non
1671 1334 1739 1372 nisi

999 1405 1019 1429 a
1039 1389 1274 1430 senatoribus
1286 1393 1453 1444 patriciis
1476 1403 1512 1431 et
1531 1390 1654 1445 ipsum
1674 1404 1736 1443 pa-

1000 1449 1172 1495 tricium,
1203 1448 1316 1501 prodi
1351 1447 1526 1494 solitum3
1567 1447 1670 1501 quod
1700 1458 1737 1487 et

999 1506 1136 1544 Cicero
1164 1518 1236 1557 pro
1260 1503 1376 1545 domo
1395 1504 1458 1544 sua
1479 1520 1509 1545 e.
1535 1516 1598 1557 14.
1618 1504 1738 1544 dixit:

996 1560 1172 1608 alteru-m,
1197 1571 1241 1605 vt.
1254 1562 1302 1600 ab
1323 1576 1381 1607 eo,
1417 1564 1484 1615 qui
1503 1564 1649 1616 primus
1679 1564 1736 1601 in-

997 1629 1120 1658 terrex
1143 1617 1231 1657 esset
1249 1617 1435 1671 proditus,
1449 1620 1602 1659 comitia
1622 1619 1738 1659 habe·

994 1686 1141 1723 rentur,
1162 1678 1281 1714 moris
1311 1690 1391 1715 non
1408 1674 1536 1728 ¹fuifl‘e,

1047 1759 1274 1814 Desiderat]
1313 1766 1425 1803 Vere.
1456 1777 1545 1801 nam
1562 1763 1733 1802 interrex

993 1818 1053 1856 ius
1081 1832 1160 1856 non
1189 1817 1291 1857 dicit.
1329 1817 1438 1858 cessat
1474 1821 1589 1869 igitur
1616 1833 1734 1873 opera

991 1873 1371 1923 iurisconsultorum,
1401 1886 1437 1914 et
1480 1877 1662 1916 iustitium
1691 1878 1734 1915 in

992 1931 1087 1970 vrbe
1110 1941 1185 1970 tam
1205 1931 1270 1970 diu
1289 1933 1352 1980 est,
1372 1933 1554 1986 quamdiu
1574 1935 1734 1973 interre-

989 2000 1119 2037 gnum.
1203 1991 1394 2029 Haeremus
1423 1992 1558 2029 Cicero
1586 2004 1675 2029 vere
1693 1998 1731 2029 et

994 2044 1106 2092 serio,
1127 2043 1274 2099 reliqua
1301 2048 1444 2094 iocans,
1473 2058 1515 2087 vt
1540 2046 1640 2087 infra
1671 2046 1733 2086 de-

994 2103 1225 2142 monstrabo.

1054 2185 1164 2237 Vnde
1181 2187 1344 2240 petitur]
1377 2189 1483 2229 Vnde
1500 2190 1656 2241 petitur,
1676 2188 1730 2227 di-

995 2244 1149 2282 cebatur
1169 2245 1215 2290 is,
1236 2258 1257 2283 a
1277 2259 1356 2299 quo
1385 2248 1543 2299 pecunia
1572 2248 1612 2284 in
1632 2245 1729 2285 iudi-

992 2302 1075 2347 cio,
1109 2311 1303 2353 tamquam
1344 2301 1482 2349 debita,
1518 2304 1729 2356 petebatur.

991 2371 1071 2396 non
1093 2359 1208 2405 enim,
1237 2357 1337 2399 vnde
1367 2361 1531 2412 petitur,
1561 2370 1599 2399 et
1622 2358 1730 2400 dehi-

990 2424 1066 2460 tor‚
1090 2413 1191 2452 idem
1221 2413 1317 2454 sunt.
1356 2429 1444 2455 nam
1466 2418 1555 2468 quia
1582 2415 1642 2456 vel
1672 2419 1729 2455 in-

991 2468 1140 2509 terdum
1161 2484 1239 2510 non
1253 2472 1378 2512 debita
1399 2475 1556 2526 pecunia
1578 2475 1729 2526 peteba-

992 2538 1077 2571 tur3
1106 2526 1168 2567 vel
1187 2530 1386 2580 petebatur
1402 2541 1502 2576 ante,
1532 2544 1644 2583 quam
1662 2529 1729 2581 ‘es-

991 2582 1045 2623 set
1064 2596 1195 2637 coepta
1216 2586 1368 2630 deberi3
1405 2596 1604 2640 propterea
1624 2586 1728 2626 debi-

990 2650 1053 2679 tor
1073 2641 1148 2679 dici
1169 2655 1248 2680 non
1269 2642 1411 2696 semper
1432 2654 1580 2697 poterat
1600 2645 1644 2691 is,
1660 2659 1726 2682 vn·

991 2696 1037 2735 de
1057 2698 1280 2749 petebatur-3
1308 2699 1370 2738 sed
1402 2711 1480 2740 tum
1508 2714 1610 2747 vere,
1641 2715 1726 2741 cum

988 2755 1188 2809 pecuniam
1224 2756 1395 2797 debebat.
1482 2760 1602 2812 Atque
1627 2757 1727 2795 hunc

1568 2812 1726 2868 loquen-
