<?xml version="1.0" encoding="UTF-8"?>
<!DOCTYPE html PUBLIC "-//W3C//DTD XHTML 1.0 Transitional//EN"
    "http://www.w3.org/TR/xhtml1/DTD/xhtml1-transitional.dtd">
<html xmlns="http://www.w3.org/1999/xhtml" xml:lang="en" lang="en">
 <head>
  <title>
</title>
<meta http-equiv="Content-Type" content="text/html;charset=utf-8" />
  <meta name='ocr-system' content='tesseract 3.04.00' />
  <meta name='ocr-capabilities' content='ocr_page ocr_carea ocr_par ocr_line ocrx_word'/>
</head>
<body>
  <div class='ocr_page' id='page_1' title='image "./commentariusinmt01manuuoft_0216.png"; bbox 0 0 1863 3172; ppageno 0'>
   <div class='ocr_carea' id='block_1_1' title="bbox 131 248 393 286">
    <p class='ocr_par' dir='ltr' id='par_1_1' title="bbox 131 248 393 286">
     <span class='ocr_line' id='line_1_1' title="bbox 131 248 393 286; baseline -0.011 -1"><span class='ocrx_word' id='word_1_1' title='bbox 131 273 133 275; x_wconf 66' lang='grc'><em>»</em></span> <span class='ocrx_word' id='word_1_2' title='bbox 177 248 393 286; x_wconf 87' lang='lat' dir='ltr'>hominum.</span> 
     </span>
    </p>
   </div>
   <div class='ocr_carea' id='block_1_2' title="bbox 177 90 262 123">
    <p class='ocr_par' dir='ltr' id='par_1_2' title="bbox 177 90 262 123">
     <span class='ocr_line' id='line_1_2' title="bbox 177 90 262 123; baseline -0.024 -1"><span class='ocrx_word' id='word_1_3' title='bbox 177 90 262 123; x_wconf 75' lang='lat'>202</span> 
     </span>
    </p>
   </div>
   <div class='ocr_carea' id='block_1_3' title="bbox 132 184 924 1765">
    <p class='ocr_par' dir='ltr' id='par_1_3' title="bbox 132 184 924 1765">
     <span class='ocr_line' id='line_1_3' title="bbox 176 184 922 242; baseline -0.009 -14"><span class='ocrx_word' id='word_1_4' title='bbox 176 189 317 242; x_wconf 76' lang='lat' dir='ltr'>scripsit</span> <span class='ocrx_word' id='word_1_5' title='bbox 335 187 394 227; x_wconf 85' lang='lat' dir='ltr'>sex</span> <span class='ocrx_word' id='word_1_6' title='bbox 417 185 595 232; x_wconf 85' lang='lat' dir='ltr'>millium,</span> <span class='ocrx_word' id='word_1_7' title='bbox 613 194 650 224; x_wconf 90' lang='lat' dir='ltr'>et</span> <span class='ocrx_word' id='word_1_8' title='bbox 669 184 922 222; x_wconf 86' lang='lat' dir='ltr'>ducentorum</span> 
     </span>
     <span class='ocr_line' id='line_1_4' title="bbox 479 242 923 293; baseline -0.007 -11"><span class='ocrx_word' id='word_1_9' title='bbox 479 248 621 282; x_wconf 84' lang='lat' dir='ltr'>Verum</span> <span class='ocrx_word' id='word_1_10' title='bbox 650 242 746 279; x_wconf 90' lang='lat' dir='ltr'>Festi</span> <span class='ocrx_word' id='word_1_11' title='bbox 771 242 923 293; x_wconf 86' lang='lat' dir='ltr'>opinio-</span> 
     </span>
     <span class='ocr_line' id='line_1_5' title="bbox 177 295 923 352; baseline -0.007 -11"><span class='ocrx_word' id='word_1_12' title='bbox 177 317 264 341; x_wconf 84' lang='lat' dir='ltr'>nem</span> <span class='ocrx_word' id='word_1_13' title='bbox 285 301 462 346; x_wconf 83' lang='lat' dir='ltr'>Polybius</span> <span class='ocrx_word' id='word_1_14' title='bbox 484 298 622 352; x_wconf 87' lang='lat' dir='ltr'>probat</span> <span class='ocrx_word' id='word_1_15' title='bbox 641 295 707 336; x_wconf 87' lang='lat' dir='ltr'>lib.</span> <span class='ocrx_word' id='word_1_16' title='bbox 722 300 759 339; x_wconf 90' lang='lat'>6.</span> <span class='ocrx_word' id='word_1_17' title='bbox 782 308 819 335; x_wconf 91' lang='lat' dir='ltr'>et</span> <span class='ocrx_word' id='word_1_18' title='bbox 842 297 923 336; x_wconf 89' lang='lat' dir='ltr'>for-</span> 
     </span>
     <span class='ocr_line' id='line_1_6' title="bbox 176 352 920 399; baseline -0.009 0"><span class='ocrx_word' id='word_1_19' title='bbox 176 359 264 399; x_wconf 73' lang='lat' dir='ltr'>tasse</span> <span class='ocrx_word' id='word_1_20' title='bbox 295 359 424 397; x_wconf 75' lang='lat' dir='ltr'>Liuius</span> <span class='ocrx_word' id='word_1_21' title='bbox 456 369 536 394; x_wconf 86' lang='lat' dir='ltr'>non</span> <span class='ocrx_word' id='word_1_22' title='bbox 567 354 614 393; x_wconf 86' lang='lat' dir='ltr'>de</span> <span class='ocrx_word' id='word_1_23' title='bbox 644 353 840 393; x_wconf 84' lang='lat' dir='ltr'>ordinaria</span> <span class='ocrx_word' id='word_1_24' title='bbox 870 352 920 393; x_wconf 91' lang='lat' dir='ltr'>le-</span> 
     </span>
     <span class='ocr_line' id='line_1_7' title="bbox 176 410 922 466; baseline -0.007 -12"><span class='ocrx_word' id='word_1_25' title='bbox 176 419 303 466; x_wconf 80' lang='lat' dir='ltr'>gione,</span> <span class='ocrx_word' id='word_1_26' title='bbox 330 413 391 453; x_wconf 85' lang='lat' dir='ltr'>sed</span> <span class='ocrx_word' id='word_1_27' title='bbox 413 412 460 451; x_wconf 86' lang='lat' dir='ltr'>de</span> <span class='ocrx_word' id='word_1_28' title='bbox 474 413 588 452; x_wconf 67' lang='lat' dir='ltr'>aue&#39;to</span> <span class='ocrx_word' id='word_1_29' title='bbox 609 422 713 450; x_wconf 84' lang='lat' dir='ltr'>extra</span> <span class='ocrx_word' id='word_1_30' title='bbox 732 410 922 458; x_wconf 87' lang='lat' dir='ltr'><strong>ordinem,</strong></span> 
     </span>
     <span class='ocr_line' id='line_1_8' title="bbox 177 466 924 521; baseline -0.007 -10"><span class='ocrx_word' id='word_1_31' title='bbox 177 482 334 521; x_wconf 78' lang='lat' dir='ltr'>cogente</span> <span class='ocrx_word' id='word_1_32' title='bbox 360 469 477 517; x_wconf 74' lang='lat' dir='ltr'>beilo,</span> <span class='ocrx_word' id='word_1_33' title='bbox 507 467 673 508; x_wconf 86' lang='lat' dir='ltr'>militum</span> <span class='ocrx_word' id='word_1_34' title='bbox 695 466 924 517; x_wconf 81' lang='lat' dir='ltr'>legionario-</span> 
     </span>
     <span class='ocr_line' id='line_1_9' title="bbox 176 526 923 572; baseline -0.005 -4"><span class='ocrx_word' id='word_1_35' title='bbox 176 544 261 569; x_wconf 87' lang='lat' dir='ltr'>rum</span> <span class='ocrx_word' id='word_1_36' title='bbox 282 541 445 567; x_wconf 88' lang='lat' dir='ltr'>numero</span> <span class='ocrx_word' id='word_1_37' title='bbox 468 526 617 566; x_wconf 85' lang='lat' dir='ltr'>locutus</span> <span class='ocrx_word' id='word_1_38' title='bbox 645 526 706 564; x_wconf 88' lang='lat' dir='ltr'>est.</span> <span class='ocrx_word' id='word_1_39' title='bbox 746 539 857 572; x_wconf 83' lang='lat' dir='ltr'>nam,</span> <span class='ocrx_word' id='word_1_40' title='bbox 887 534 923 563; x_wconf 87' lang='lat' dir='ltr'>et</span> 
     </span>
     <span class='ocr_line' id='line_1_10' title="bbox 175 583 922 632; baseline -0.005 -8"><span class='ocrx_word' id='word_1_41' title='bbox 175 586 366 625; x_wconf 87' lang='lat' dir='ltr'>sociorum</span> <span class='ocrx_word' id='word_1_42' title='bbox 388 596 592 623; x_wconf 87' lang='lat' dir='ltr'>numerum</span> <span class='ocrx_word' id='word_1_43' title='bbox 622 583 663 620; x_wconf 88' lang='lat' dir='ltr'>in</span> <span class='ocrx_word' id='word_1_44' title='bbox 693 584 817 632; x_wconf 83' lang='lat' dir='ltr'>castris</span> <span class='ocrx_word' id='word_1_45' title='bbox 847 584 922 621; x_wconf 80' lang='lat' dir='ltr'>Ro-</span> 
     </span>
     <span class='ocr_line' id='line_1_11' title="bbox 175 637 921 695; baseline -0.008 -13"><span class='ocrx_word' id='word_1_46' title='bbox 175 645 319 690; x_wconf 79' lang='lat' dir='ltr'>manis,</span> <span class='ocrx_word' id='word_1_47' title='bbox 362 655 458 695; x_wconf 91' lang='lat' dir='ltr'>quos</span> <span class='ocrx_word' id='word_1_48' title='bbox 487 639 607 678; x_wconf 89' lang='lat' dir='ltr'>altero</span> <span class='ocrx_word' id='word_1_49' title='bbox 637 648 741 677; x_wconf 87' lang='lat' dir='ltr'>tanto</span> <span class='ocrx_word' id='word_1_50' title='bbox 779 637 921 692; x_wconf 73' lang='lat' dir='ltr'>plureS,</span> 
     </span>
     <span class='ocr_line' id='line_1_12' title="bbox 174 695 922 753; baseline -0.008 -14"><span class='ocrx_word' id='word_1_51' title='bbox 174 714 287 753; x_wconf 88' lang='lat' dir='ltr'>quam</span> <span class='ocrx_word' id='word_1_52' title='bbox 313 702 505 738; x_wconf 77' lang='lat' dir='ltr'>Romanos</span> <span class='ocrx_word' id='word_1_53' title='bbox 538 698 577 734; x_wconf 93' lang='lat' dir='ltr'>in</span> <span class='ocrx_word' id='word_1_54' title='bbox 617 697 740 734; x_wconf 79' lang='lat' dir='ltr'>castris</span> <span class='ocrx_word' id='word_1_55' title='bbox 774 710 817 734; x_wconf 80' lang='lat' dir='ltr'>ex</span> <span class='ocrx_word' id='word_1_56' title='bbox 845 695 922 734; x_wconf 86' lang='lat' dir='ltr'>for·</span> 
     </span>
     <span class='ocr_line' id='line_1_13' title="bbox 174 752 920 800; baseline -0.009 -4"><span class='ocrx_word' id='word_1_57' title='bbox 174 756 278 797; x_wconf 85' lang='lat' dir='ltr'>mula</span> <span class='ocrx_word' id='word_1_58' title='bbox 296 756 463 796; x_wconf 82' lang='lat' dir='ltr'>foederis</span> <span class='ocrx_word' id='word_1_59' title='bbox 478 752 563 792; x_wconf 76' lang='lat' dir='ltr'>&#39;effe</span> <span class='ocrx_word' id='word_1_60' title='bbox 584 752 762 800; x_wconf 66' lang='lat' dir='ltr'>debuisse,</span> <span class='ocrx_word' id='word_1_61' title='bbox 786 753 920 792; x_wconf 77' lang='lat' dir='ltr'>Liuius</span> 
     </span>
     <span class='ocr_line' id='line_1_14' title="bbox 132 808 920 864; baseline -0.009 -11"><span class='ocrx_word' id='word_1_62' title='bbox 132 832 133 838; x_wconf 53' lang='lat'>¹</span> <span class='ocrx_word' id='word_1_63' title='bbox 173 809 289 864; x_wconf 85' lang='lat' dir='ltr'>lib.3.</span> <span class='ocrx_word' id='word_1_64' title='bbox 319 824 356 852; x_wconf 87' lang='lat' dir='ltr'>et</span> <span class='ocrx_word' id='word_1_65' title='bbox 380 819 416 861; x_wconf 83' lang='lat'>8.</span> <span class='ocrx_word' id='word_1_66' title='bbox 453 809 620 850; x_wconf 85' lang='lat' dir='ltr'>Velleius</span> <span class='ocrx_word' id='word_1_67' title='bbox 651 808 717 848; x_wconf 84' lang='lat' dir='ltr'>lib.</span> <span class='ocrx_word' id='word_1_68' title='bbox 731 822 766 849; x_wconf 83' lang='lat'>2.</span> <span class='ocrx_word' id='word_1_69' title='bbox 800 810 920 847; x_wconf 86' lang='lat' dir='ltr'>osten·</span> 
     </span>
     <span class='ocr_line' id='line_1_15' title="bbox 175 864 919 918; baseline -0.008 -8"><span class='ocrx_word' id='word_1_70' title='bbox 175 871 282 910; x_wconf 86' lang='lat' dir='ltr'>dunt.</span> <span class='ocrx_word' id='word_1_71' title='bbox 316 884 395 908; x_wconf 91' lang='lat' dir='ltr'>non</span> <span class='ocrx_word' id='word_1_72' title='bbox 422 867 585 907; x_wconf 88' lang='lat' dir='ltr'>eundem</span> <span class='ocrx_word' id='word_1_73' title='bbox 620 865 767 918; x_wconf 86' lang='lat' dir='ltr'>semper</span> <span class='ocrx_word' id='word_1_74' title='bbox 795 864 919 913; x_wconf 85' lang='lat' dir='ltr'>fuiffe,</span> 
     </span>
     <span class='ocr_line' id='line_1_16' title="bbox 174 924 920 980; baseline -0.009 -13"><span class='ocrx_word' id='word_1_75' title='bbox 174 927 236 967; x_wconf 87' lang='lat' dir='ltr'>sed</span> <span class='ocrx_word' id='word_1_76' title='bbox 256 941 327 980; x_wconf 91' lang='lat' dir='ltr'>pro</span> <span class='ocrx_word' id='word_1_77' title='bbox 345 924 540 964; x_wconf 87' lang='lat' dir='ltr'>consulum</span> <span class='ocrx_word' id='word_1_78' title='bbox 571 924 748 970; x_wconf 87' lang='lat' dir='ltr'>arbitrio,</span> <span class='ocrx_word' id='word_1_79' title='bbox 783 936 828 961; x_wconf 90' lang='lat' dir='ltr'>ex</span> <span class='ocrx_word' id='word_1_80' title='bbox 857 936 920 961; x_wconf 84' lang='lat' dir='ltr'>eo·</span> 
     </span>
     <span class='ocr_line' id='line_1_17' title="bbox 174 979 923 1032; baseline -0.008 -8"><span class='ocrx_word' id='word_1_81' title='bbox 174 985 259 1024; x_wconf 81' lang='lat' dir='ltr'>dem</span> <span class='ocrx_word' id='word_1_82' title='bbox 280 985 394 1024; x_wconf 83' lang='lat' dir='ltr'>Liuio</span> <span class='ocrx_word' id='word_1_83' title='bbox 424 983 566 1020; x_wconf 81' lang='lat' dir='ltr'>constat</span> <span class='ocrx_word' id='word_1_84' title='bbox 592 979 658 1018; x_wconf 90' lang='lat' dir='ltr'>lib.</span> <span class='ocrx_word' id='word_1_85' title='bbox 673 990 738 1020; x_wconf 85' lang='lat'>21.</span> <span class='ocrx_word' id='word_1_86' title='bbox 759 992 825 1032; x_wconf 73' lang='lat'>4¹.</span> <span class='ocrx_word' id='word_1_87' title='bbox 850 992 923 1032; x_wconf 63' lang='lat'>43.&gt;</span> 
     </span>
     <span class='ocr_line' id='line_1_18' title="bbox 172 1034 918 1096; baseline -0.007 -16"><span class='ocrx_word' id='word_1_88' title='bbox 172 1044 317 1096; x_wconf 87' lang='lat' dir='ltr'>primus</span> <span class='ocrx_word' id='word_1_89' title='bbox 339 1042 456 1089; x_wconf 84' lang='lat' dir='ltr'>igitur</span> <span class='ocrx_word' id='word_1_90' title='bbox 472 1038 714 1077; x_wconf 76' lang='lat' dir='ltr'>ordinarium</span> <span class='ocrx_word' id='word_1_91' title='bbox 743 1038 785 1074; x_wconf 90' lang='lat' dir='ltr'>in</span> <span class='ocrx_word' id='word_1_92' title='bbox 801 1034 918 1085; x_wconf 87' lang='lat' dir='ltr'>legio-</span> 
     </span>
     <span class='ocr_line' id='line_1_19' title="bbox 172 1093 916 1138; baseline -0.011 0"><span class='ocrx_word' id='word_1_93' title='bbox 172 1114 220 1138; x_wconf 87' lang='lat' dir='ltr'>ne</span> <span class='ocrx_word' id='word_1_94' title='bbox 240 1097 299 1137; x_wconf 84' lang='lat' dir='ltr'>sex</span> <span class='ocrx_word' id='word_1_95' title='bbox 324 1095 488 1136; x_wconf 75' lang='lat' dir='ltr'>millium</span> <span class='ocrx_word' id='word_1_96' title='bbox 515 1105 553 1134; x_wconf 90' lang='lat' dir='ltr'>et</span> <span class='ocrx_word' id='word_1_97' title='bbox 575 1093 827 1133; x_wconf 86' lang='lat' dir='ltr'>ducentorum</span> <span class='ocrx_word' id='word_1_98' title='bbox 845 1095 916 1131; x_wconf 88' lang='lat' dir='ltr'>mi-</span> 
     </span>
     <span class='ocr_line' id='line_1_20' title="bbox 172 1148 915 1198; baseline -0.011 -3"><span class='ocrx_word' id='word_1_99' title='bbox 172 1155 283 1195; x_wconf 75' lang='lat' dir='ltr'>litum</span> <span class='ocrx_word' id='word_1_100' title='bbox 312 1165 512 1193; x_wconf 87' lang='lat' dir='ltr'>numerum</span> <span class='ocrx_word' id='word_1_101' title='bbox 548 1153 591 1190; x_wconf 92' lang='lat' dir='ltr'>C.</span> <span class='ocrx_word' id='word_1_102' title='bbox 629 1151 774 1188; x_wconf 83' lang='lat' dir='ltr'>Marius</span> <span class='ocrx_word' id='word_1_103' title='bbox 811 1148 915 1198; x_wconf 86' lang='lat' dir='ltr'>fecit,</span> 
     </span>
     <span class='ocr_line' id='line_1_21' title="bbox 172 1204 913 1252; baseline -0.007 -1"><span class='ocrx_word' id='word_1_104' title='bbox 172 1227 255 1252; x_wconf 87' lang='lat' dir='ltr'>cum</span> <span class='ocrx_word' id='word_1_105' title='bbox 276 1221 385 1250; x_wconf 90' lang='lat' dir='ltr'>antea</span> <span class='ocrx_word' id='word_1_106' title='bbox 415 1209 633 1248; x_wconf 87' lang='lat' dir='ltr'>ordinarius</span> <span class='ocrx_word' id='word_1_107' title='bbox 661 1204 750 1245; x_wconf 79' lang='lat' dir='ltr'>esset</span> <span class='ocrx_word' id='word_1_108' title='bbox 782 1220 913 1246; x_wconf 89' lang='lat' dir='ltr'>nume-</span> 
     </span>
     <span class='ocr_line' id='line_1_22' title="bbox 171 1258 917 1322; baseline -0.008 -14"><span class='ocrx_word' id='word_1_109' title='bbox 171 1284 235 1309; x_wconf 85' lang='lat' dir='ltr'>rus</span> <span class='ocrx_word' id='word_1_110' title='bbox 255 1278 437 1322; x_wconf 86' lang='lat' dir='ltr'>quattuor</span> <span class='ocrx_word' id='word_1_111' title='bbox 462 1263 604 1312; x_wconf 87' lang='lat' dir='ltr'>millia,</span> <span class='ocrx_word' id='word_1_112' title='bbox 632 1274 675 1303; x_wconf 89' lang='lat' dir='ltr'>vt</span> <span class='ocrx_word' id='word_1_113' title='bbox 697 1265 749 1302; x_wconf 91' lang='lat' dir='ltr'>ait</span> <span class='ocrx_word' id='word_1_114' title='bbox 772 1258 917 1310; x_wconf 58' lang='lat' dir='ltr'>Festus,</span> 
     </span>
     <span class='ocr_line' id='line_1_23' title="bbox 172 1319 917 1374; baseline -0.008 -8"><span class='ocrx_word' id='word_1_115' title='bbox 172 1325 245 1372; x_wconf 81' lang='lat' dir='ltr'>vel,</span> <span class='ocrx_word' id='word_1_116' title='bbox 282 1336 324 1365; x_wconf 79' lang='lat' dir='ltr'>vt</span> <span class='ocrx_word' id='word_1_117' title='bbox 351 1322 546 1370; x_wconf 87' lang='lat' dir='ltr'><strong>Polybius,</strong></span> <span class='ocrx_word' id='word_1_118' title='bbox 581 1330 763 1374; x_wconf 87' lang='lat' dir='ltr'>quattuor</span> <span class='ocrx_word' id='word_1_119' title='bbox 796 1319 917 1360; x_wconf 84' lang='lat' dir='ltr'>millia</span> 
     </span>
     <span class='ocr_line' id='line_1_24' title="bbox 172 1375 916 1428; baseline -0.008 -6"><span class='ocrx_word' id='word_1_120' title='bbox 172 1383 344 1422; x_wconf 83' lang='lat' dir='ltr'>ducenti:</span> <span class='ocrx_word' id='word_1_121' title='bbox 384 1387 488 1428; x_wconf 90' lang='lat' dir='ltr'>(nam</span> <span class='ocrx_word' id='word_1_122' title='bbox 521 1388 669 1419; x_wconf 87' lang='lat' dir='ltr'>veteres</span> <span class='ocrx_word' id='word_1_123' title='bbox 695 1391 774 1416; x_wconf 90' lang='lat' dir='ltr'>non</span> <span class='ocrx_word' id='word_1_124' title='bbox 794 1375 916 1416; x_wconf 74' lang='lat' dir='ltr'>Omni-</span> 
     </span>
     <span class='ocr_line' id='line_1_25' title="bbox 169 1433 917 1487; baseline -0.008 -7"><span class='ocrx_word' id='word_1_125' title='bbox 169 1455 221 1480; x_wconf 86' lang='lat' dir='ltr'>no</span> <span class='ocrx_word' id='word_1_126' title='bbox 243 1437 430 1479; x_wconf 83' lang='lat' dir='ltr'>subtiliter</span> <span class='ocrx_word' id='word_1_127' title='bbox 448 1449 649 1475; x_wconf 87' lang='lat' dir='ltr'>numerum</span> <span class='ocrx_word' id='word_1_128' title='bbox 681 1433 826 1487; x_wconf 86' lang='lat' dir='ltr'>semper</span> <span class='ocrx_word' id='word_1_129' title='bbox 854 1434 917 1474; x_wconf 86' lang='lat' dir='ltr'>de-</span> 
     </span>
     <span class='ocr_line' id='line_1_26' title="bbox 173 1491 915 1540; baseline -0.007 -4"><span class='ocrx_word' id='word_1_130' title='bbox 173 1499 283 1536; x_wconf 78' lang='lat' dir='ltr'>finire</span> <span class='ocrx_word' id='word_1_131' title='bbox 306 1494 407 1534; x_wconf 80' lang='lat' dir='ltr'>soliti</span> <span class='ocrx_word' id='word_1_132' title='bbox 432 1493 538 1534; x_wconf 56' lang='lat' dir='ltr'>sunt}</span> <span class='ocrx_word' id='word_1_133' title='bbox 565 1491 757 1531; x_wconf 86' lang='lat' dir='ltr'>interdum</span> <span class='ocrx_word' id='word_1_134' title='bbox 774 1501 915 1540; x_wconf 87' lang='lat' dir='ltr'>autem,</span> 
     </span>
     <span class='ocr_line' id='line_1_27' title="bbox 171 1549 916 1601; baseline -0.008 -8"><span class='ocrx_word' id='word_1_135' title='bbox 171 1563 219 1593; x_wconf 79' lang='lat' dir='ltr'>nc</span> <span class='ocrx_word' id='word_1_136' title='bbox 240 1566 441 1592; x_wconf 88' lang='lat' dir='ltr'>numerum</span> <span class='ocrx_word' id='word_1_137' title='bbox 456 1549 664 1599; x_wconf 80' lang='lat' dir='ltr'>legionum,</span> <span class='ocrx_word' id='word_1_138' title='bbox 684 1562 782 1601; x_wconf 90' lang='lat' dir='ltr'>quae</span> <span class='ocrx_word' id='word_1_139' title='bbox 801 1549 916 1588; x_wconf 84' lang='lat' dir='ltr'>binae</span> 
     </span>
     <span class='ocr_line' id='line_1_28' title="bbox 172 1605 913 1660; baseline -0.007 -10"><span class='ocrx_word' id='word_1_140' title='bbox 172 1609 323 1660; x_wconf 70' lang='lat' dir='ltr'>lingulis</span> <span class='ocrx_word' id='word_1_141' title='bbox 344 1606 560 1647; x_wconf 87' lang='lat' dir='ltr'>consulibus</span> <span class='ocrx_word' id='word_1_142' title='bbox 579 1605 779 1653; x_wconf 78' lang='lat' dir='ltr'>dabantur,</span> <span class='ocrx_word' id='word_1_143' title='bbox 800 1619 913 1655; x_wconf 83' lang='lat' dir='ltr'>auge-</span> 
     </span>
     <span class='ocr_line' id='line_1_29' title="bbox 172 1661 913 1715; baseline -0.005 -8"><span class='ocrx_word' id='word_1_144' title='bbox 172 1678 269 1715; x_wconf 84' lang='lat' dir='ltr'>rent,</span> <span class='ocrx_word' id='word_1_145' title='bbox 297 1665 434 1706; x_wconf 85' lang='lat' dir='ltr'>milites</span> <span class='ocrx_word' id='word_1_146' title='bbox 464 1663 655 1703; x_wconf 84' lang='lat' dir='ltr'>addebant</span> <span class='ocrx_word' id='word_1_147' title='bbox 681 1661 913 1713; x_wconf 81' lang='lat' dir='ltr'>legionibus,</span> 
     </span>
     <span class='ocr_line' id='line_1_30' title="bbox 171 1718 577 1765; baseline -0.012 -1"><span class='ocrx_word' id='word_1_148' title='bbox 171 1725 234 1765; x_wconf 82' lang='lat' dir='ltr'>scd</span> <span class='ocrx_word' id='word_1_149' title='bbox 261 1718 365 1764; x_wconf 77' lang='lat' dir='ltr'>extra</span> <span class='ocrx_word' id='word_1_150' title='bbox 389 1721 577 1761; x_wconf 87' lang='lat' dir='ltr'>ordinem.</span> 
     </span>
    </p>
   </div>
   <div class='ocr_carea' id='block_1_4' title="bbox 171 1789 912 1905">
    <p class='ocr_par' dir='ltr' id='par_1_4' title="bbox 171 1789 912 1905">
     <span class='ocr_line' id='line_1_31' title="bbox 228 1789 912 1846; baseline -0.001 -11"><span class='ocrx_word' id='word_1_151' title='bbox 228 1797 274 1836; x_wconf 78' lang='lat'>111</span> <span class='ocrx_word' id='word_1_152' title='bbox 296 1792 459 1846; x_wconf 70' lang='lat' dir='ltr'>Syriam]</span> <span class='ocrx_word' id='word_1_153' title='bbox 504 1796 612 1842; x_wconf 82' lang='lat' dir='ltr'>Qae</span> <span class='ocrx_word' id='word_1_154' title='bbox 632 1789 759 1839; x_wconf 85' lang='lat' dir='ltr'>Syriae</span> <span class='ocrx_word' id='word_1_155' title='bbox 780 1804 912 1836; x_wconf 81' lang='lat' dir='ltr'>contra</span> 
     </span>
     <span class='ocr_line' id='line_1_32' title="bbox 171 1849 654 1905; baseline -0.008 -12"><span class='ocrx_word' id='word_1_156' title='bbox 171 1853 327 1893; x_wconf 80' lang='lat' dir='ltr'>Parthos</span> <span class='ocrx_word' id='word_1_157' title='bbox 347 1849 529 1905; x_wconf 68' lang='lat' dir='ltr'>praesidio</span> <span class='ocrx_word' id='word_1_158' title='bbox 553 1849 654 1890; x_wconf 78' lang='lat' dir='ltr'>esset.</span> 
     </span>
    </p>
   </div>
   <div class='ocr_carea' id='block_1_5' title="bbox 169 1919 916 2320">
    <p class='ocr_par' dir='ltr' id='par_1_5' title="bbox 169 1919 916 2320">
     <span class='ocr_line' id='line_1_33' title="bbox 226 1919 912 1976; baseline -0.004 -13"><span class='ocrx_word' id='word_1_159' title='bbox 226 1925 359 1963; x_wconf 75' lang='lat' dir='ltr'>Otium</span> <span class='ocrx_word' id='word_1_160' title='bbox 380 1919 442 1976; x_wconf 69' lang='lat' dir='ltr'>effe</span> <span class='ocrx_word' id='word_1_161' title='bbox 470 1923 511 1960; x_wconf 82' lang='lat' dir='ltr'>in</span> <span class='ocrx_word' id='word_1_162' title='bbox 542 1921 671 1974; x_wconf 81' lang='lat' dir='ltr'>Syria]</span> <span class='ocrx_word' id='word_1_163' title='bbox 755 1919 912 1961; x_wconf 82' lang='lat' dir='ltr'>Sublato</span> 
     </span>
     <span class='ocr_line' id='line_1_34' title="bbox 169 1977 916 2032; baseline -0.004 -12"><span class='ocrx_word' id='word_1_164' title='bbox 169 1993 273 2023; x_wconf 89' lang='lat' dir='ltr'>metu</span> <span class='ocrx_word' id='word_1_165' title='bbox 285 1979 468 2019; x_wconf 87' lang='lat' dir='ltr'>Parthico.</span> <span class='ocrx_word' id='word_1_166' title='bbox 483 1979 620 2018; x_wconf 81' lang='lat' dir='ltr'>Otium</span> <span class='ocrx_word' id='word_1_167' title='bbox 630 1991 700 2032; x_wconf 87' lang='lat' dir='ltr'>pro</span> <span class='ocrx_word' id='word_1_168' title='bbox 713 1992 803 2030; x_wconf 90' lang='lat' dir='ltr'>pace</span> <span class='ocrx_word' id='word_1_169' title='bbox 814 1977 916 2018; x_wconf 88' lang='lat' dir='ltr'>vsur-</span> 
     </span>
     <span class='ocr_line' id='line_1_35' title="bbox 171 2030 915 2086; baseline -0.003 -9"><span class='ocrx_word' id='word_1_170' title='bbox 171 2040 278 2086; x_wconf 72' lang='lat' dir='ltr'>pauit</span> <span class='ocrx_word' id='word_1_171' title='bbox 299 2048 334 2076; x_wconf 88' lang='lat' dir='ltr'>et</span> <span class='ocrx_word' id='word_1_172' title='bbox 346 2034 410 2075; x_wconf 85' lang='lat' dir='ltr'>lib.</span> <span class='ocrx_word' id='word_1_173' title='bbox 426 2046 460 2076; x_wconf 86' lang='lat'>1.</span> <span class='ocrx_word' id='word_1_174' title='bbox 473 2034 519 2074; x_wconf 90' lang='lat' dir='ltr'>de</span> <span class='ocrx_word' id='word_1_175' title='bbox 530 2035 640 2075; x_wconf 84' lang='lat' dir='ltr'>offic.</span> <span class='ocrx_word' id='word_1_176' title='bbox 653 2049 682 2074; x_wconf 88' lang='lat' dir='ltr'>c.</span> <span class='ocrx_word' id='word_1_177' title='bbox 696 2045 759 2077; x_wconf 88' lang='lat'>22.</span> <span class='ocrx_word' id='word_1_178' title='bbox 790 2030 915 2075; x_wconf 78' lang='lat' dir='ltr'>Nobis·</span> 
     </span>
     <span class='ocr_line' id='line_1_36' title="bbox 172 2085 913 2148; baseline -0.004 -13"><span class='ocrx_word' id='word_1_179' title='bbox 172 2089 439 2148; x_wconf 66' lang='lat' dir='ltr'>{·e771puhlica771</span> <span class='ocrx_word' id='word_1_180' title='bbox 467 2085 811 2148; x_wconf 78' lang='lat' dir='ltr'>gubernantibus‚³</span> <span class='ocrx_word' id='word_1_181' title='bbox 839 2106 913 2132; x_wconf 85' lang='lat' dir='ltr'>non</span> 
     </span>
     <span class='ocr_line' id='line_1_37' title="bbox 173 2147 913 2207; baseline -0.003 -17"><span class='ocrx_word' id='word_1_182' title='bbox 173 2164 283 2207; x_wconf 69' lang='lat' dir='ltr'>togae</span> <span class='ocrx_word' id='word_1_183' title='bbox 299 2164 408 2188; x_wconf 85' lang='lat' dir='ltr'>arma</span> <span class='ocrx_word' id='word_1_184' title='bbox 428 2147 587 2202; x_wconf 67' lang='lat' dir='ltr'>cellere?</span> <span class='ocrx_word' id='word_1_185' title='bbox 614 2162 729 2204; x_wconf 86' lang='lat' dir='ltr'>neque</span> <span class='ocrx_word' id='word_1_186' title='bbox 752 2149 853 2189; x_wconf 80' lang='lat' dir='ltr'>enim</span> <span class='ocrx_word' id='word_1_187' title='bbox 871 2152 913 2190; x_wconf 83' lang='lat' dir='ltr'>in</span> 
     </span>
     <span class='ocr_line' id='line_1_38' title="bbox 173 2205 914 2262; baseline 0.003 -16"><span class='ocrx_word' id='word_1_188' title='bbox 173 2206 363 2261; x_wconf 65' lang='lat' dir='ltr'>republica</span> <span class='ocrx_word' id='word_1_189' title='bbox 397 2206 611 2259; x_wconf 80' lang='lat' dir='ltr'>periculum</span> <span class='ocrx_word' id='word_1_190' title='bbox 635 2205 723 2259; x_wconf 87' lang='lat' dir='ltr'>suit</span> <span class='ocrx_word' id='word_1_191' title='bbox 745 2208 914 2262; x_wconf 80' lang='lat' dir='ltr'>grauius</span> 
     </span>
     <span class='ocr_line' id='line_1_39' title="bbox 173 2263 763 2320; baseline -0.005 -15"><span class='ocrx_word' id='word_1_192' title='bbox 173 2278 363 2320; x_wconf 71' lang='lat' dir='ltr'>vmqumn,</span> <span class='ocrx_word' id='word_1_193' title='bbox 389 2277 456 2304; x_wconf 80' lang='lat' dir='ltr'>nec</span> <span class='ocrx_word' id='word_1_194' title='bbox 490 2263 613 2303; x_wconf 84' lang='lat' dir='ltr'>maius</span> <span class='ocrx_word' id='word_1_195' title='bbox 631 2264 763 2303; x_wconf 85' lang='lat' dir='ltr'>otium.</span> 
     </span>
    </p>
   </div>
   <div class='ocr_carea' id='block_1_6' title="bbox 174 2345 912 2798">
    <p class='ocr_par' dir='ltr' id='par_1_6' title="bbox 174 2345 912 2798">
     <span class='ocr_line' id='line_1_40' title="bbox 230 2345 909 2401; baseline 0.003 -16"><span class='ocrx_word' id='word_1_196' title='bbox 230 2348 408 2389; x_wconf 79' lang='lat' dir='ltr'>Marium</span> <span class='ocrx_word' id='word_1_197' title='bbox 429 2345 688 2401; x_wconf 70' lang='lat' dir='ltr'>succeffbrem]</span> <span class='ocrx_word' id='word_1_198' title='bbox 727 2345 909 2387; x_wconf 76' lang='lat' dir='ltr'>Sallustiie</span> 
     </span>
     <span class='ocr_line' id='line_1_41' title="bbox 174 2403 911 2456; baseline -0.003 -11"><span class='ocrx_word' id='word_1_199' title='bbox 174 2420 262 2445; x_wconf 73' lang='lat' dir='ltr'>nam</span> <span class='ocrx_word' id='word_1_200' title='bbox 280 2403 432 2450; x_wconf 78' lang='lat' dir='ltr'>Bibulo,</span> <span class='ocrx_word' id='word_1_201' title='bbox 460 2403 780 2456; x_wconf 88' lang='lat' dir='ltr'>quemadmodum</span> <span class='ocrx_word' id='word_1_202' title='bbox 807 2406 911 2443; x_wconf 86' lang='lat' dir='ltr'>Cice-</span> 
     </span>
     <span class='ocr_line' id='line_1_42' title="bbox 174 2459 912 2510; baseline -0.004 -7"><span class='ocrx_word' id='word_1_203' title='bbox 174 2463 272 2510; x_wconf 82' lang='lat' dir='ltr'>roni,</span> <span class='ocrx_word' id='word_1_204' title='bbox 284 2460 462 2499; x_wconf 74' lang='lat' dir='ltr'>successor</span> <span class='ocrx_word' id='word_1_205' title='bbox 472 2474 585 2499; x_wconf 85' lang='lat' dir='ltr'>nemo</span> <span class='ocrx_word' id='word_1_206' title='bbox 604 2461 752 2509; x_wconf 74' lang='lat' dir='ltr'>fuit‚eb</span> <span class='ocrx_word' id='word_1_207' title='bbox 774 2459 912 2500; x_wconf 87' lang='lat' dir='ltr'>discor-</span> 
     </span>
     <span class='ocr_line' id='line_1_43' title="bbox 176 2514 911 2571; baseline -0.005 -11"><span class='ocrx_word' id='word_1_208' title='bbox 176 2520 254 2560; x_wconf 77' lang='lat' dir='ltr'>dias</span> <span class='ocrx_word' id='word_1_209' title='bbox 274 2520 375 2557; x_wconf 81' lang='lat' dir='ltr'>inter</span> <span class='ocrx_word' id='word_1_210' title='bbox 392 2514 587 2555; x_wconf 80' lang='lat' dir='ltr'>Caesarem</span> <span class='ocrx_word' id='word_1_211' title='bbox 620 2528 657 2558; x_wconf 84' lang='lat' dir='ltr'>et</span> <span class='ocrx_word' id='word_1_212' title='bbox 689 2519 911 2571; x_wconf 88' lang='lat' dir='ltr'>Pompeium</span> 
     </span>
     <span class='ocr_line' id='line_1_44' title="bbox 174 2573 909 2625; baseline -0.003 -10"><span class='ocrx_word' id='word_1_213' title='bbox 174 2586 334 2615; x_wconf 72' lang='lat' dir='ltr'>exortas.</span> <span class='ocrx_word' id='word_1_214' title='bbox 363 2573 466 2625; x_wconf 85' lang='lat' dir='ltr'>quod</span> <span class='ocrx_word' id='word_1_215' title='bbox 487 2576 623 2613; x_wconf 87' lang='lat' dir='ltr'>Cicero</span> <span class='ocrx_word' id='word_1_216' title='bbox 652 2573 825 2614; x_wconf 85' lang='lat' dir='ltr'>futurum</span> <span class='ocrx_word' id='word_1_217' title='bbox 855 2574 909 2613; x_wconf 90' lang='lat' dir='ltr'>di-</span> 
     </span>
     <span class='ocr_line' id='line_1_45' title="bbox 174 2628 912 2685; baseline -0.003 -12"><span class='ocrx_word' id='word_1_218' title='bbox 174 2636 320 2678; x_wconf 67' lang='lat' dir='ltr'>xinans,</span> <span class='ocrx_word' id='word_1_219' title='bbox 343 2629 438 2669; x_wconf 82' lang='lat' dir='ltr'>dixit</span> <span class='ocrx_word' id='word_1_220' title='bbox 466 2629 596 2683; x_wconf 88' lang='lat' dir='ltr'>supra:</span> <span class='ocrx_word' id='word_1_221' title='bbox 638 2631 702 2670; x_wconf 86' lang='lat' dir='ltr'>De</span> <span class='ocrx_word' id='word_1_222' title='bbox 708 2628 912 2685; x_wconf 73' lang='lat' dir='ltr'>fitcccffbre</span> 
     </span>
     <span class='ocr_line' id='line_1_46' title="bbox 174 2686 910 2743; baseline -0.005 -13"><span class='ocrx_word' id='word_1_223' title='bbox 174 2704 254 2730; x_wconf 78' lang='lat' dir='ltr'>meo</span> <span class='ocrx_word' id='word_1_224' title='bbox 279 2686 379 2727; x_wconf 74' lang='lat' dir='ltr'><em>nihil</em></span> <span class='ocrx_word' id='word_1_225' title='bbox 405 2686 551 2733; x_wconf 76' lang='lat' dir='ltr'>audiui,</span> <span class='ocrx_word' id='word_1_226' title='bbox 578 2701 646 2726; x_wconf 86' lang='lat' dir='ltr'>nec</span> <span class='ocrx_word' id='word_1_227' title='bbox 684 2701 910 2743; x_wconf 71' lang='lat' dir='ltr'>quemquam</span> 
     </span>
     <span class='ocr_line' id='line_1_47' title="bbox 174 2743 910 2798; baseline -0.004 -11"><span class='ocrx_word' id='word_1_228' title='bbox 174 2746 258 2798; x_wconf 64' lang='lat' dir='ltr'>fure</span> <span class='ocrx_word' id='word_1_229' title='bbox 276 2743 461 2786; x_wconf 74' lang='lat' dir='ltr'>arbitror.</span> <span class='ocrx_word' id='word_1_230' title='bbox 542 2746 586 2784; x_wconf 85' lang='lat' dir='ltr'>Et</span> <span class='ocrx_word' id='word_1_231' title='bbox 606 2743 761 2785; x_wconf 77' lang='lat' dir='ltr'>Coelius</span> <span class='ocrx_word' id='word_1_232' title='bbox 781 2743 847 2785; x_wconf 85' lang='lat' dir='ltr'>lib.</span> <span class='ocrx_word' id='word_1_233' title='bbox 872 2750 910 2794; x_wconf 79' lang='lat'>8.</span> 
     </span>
    </p>
   </div>
   <div class='ocr_carea' id='block_1_7' title="bbox 396 51 1563 122">
    <p class='ocr_par' dir='ltr' id='par_1_7' title="bbox 396 51 1563 122">
     <span class='ocr_line' id='line_1_48' title="bbox 396 51 1563 122; baseline -0.004 -6"><span class='ocrx_word' id='word_1_234' title='bbox 396 74 620 122; x_wconf 77' lang='lat' dir='ltr'>PAVLLI</span> <span class='ocrx_word' id='word_1_235' title='bbox 647 51 944 113; x_wconf 75' lang='grc' dir='ltr'>ΜᾸΝντιῐ</span> <span class='ocrx_word' id='word_1_236' title='bbox 982 71 1492 116; x_wconf 69' lang='lat' dir='ltr'>COMMENTAMVS</span> <span class='ocrx_word' id='word_1_237' title='bbox 1553 67 1563 78; x_wconf 78' lang='lat'><strong><em>‘</em></strong></span> 
     </span>
    </p>
   </div>
   <div class='ocr_carea' id='block_1_8' title="bbox 979 180 1793 240">
    <p class='ocr_par' dir='ltr' id='par_1_8' title="bbox 979 180 1793 240">
     <span class='ocr_line' id='line_1_49' title="bbox 979 180 1793 240; baseline 0 -14"><span class='ocrx_word' id='word_1_238' title='bbox 979 187 1082 240; x_wconf 87' lang='lat' dir='ltr'>epist.</span> <span class='ocrx_word' id='word_1_239' title='bbox 1097 198 1133 239; x_wconf 83' lang='lat'>5.</span> <span class='ocrx_word' id='word_1_240' title='bbox 1153 184 1412 236; x_wconf 81' lang='lat' dir='ltr'>Succeffionem</span> <span class='ocrx_word' id='word_1_241' title='bbox 1423 184 1619 239; x_wconf 80' lang='lat' dir='ltr'>futuram,</span> <span class='ocrx_word' id='word_1_242' title='bbox 1633 197 1722 239; x_wconf 79' lang='lat' dir='ltr'>pro·</span> <span class='ocrx_word' id='word_1_243' title='bbox 1783 180 1793 186; x_wconf 22' lang='lat' dir='ltr'>X</span> 
     </span>
    </p>
   </div>
   <div class='ocr_carea' id='block_1_9' title="bbox 972 241 1721 351">
    <p class='ocr_par' dir='ltr' id='par_1_9' title="bbox 972 241 1721 351">
     <span class='ocr_line' id='line_1_50' title="bbox 972 241 1721 298; baseline -0.001 -15"><span class='ocrx_word' id='word_1_244' title='bbox 972 252 1065 298; x_wconf 75' lang='lat' dir='ltr'>pter</span> <span class='ocrx_word' id='word_1_245' title='bbox 1084 243 1311 281; x_wconf 81' lang='lat' dir='ltr'>Galliarum</span> <span class='ocrx_word' id='word_1_246' title='bbox 1327 241 1638 294; x_wconf 67' lang='lat' dir='ltr'>controuetsfi&#39;am,</span> <span class='ocrx_word' id='word_1_247' title='bbox 1649 255 1721 282; x_wconf 79' lang='lat' dir='ltr'>non</span> 
     </span>
     <span class='ocr_line' id='line_1_51' title="bbox 977 296 1721 351; baseline -0.004 -10"><span class='ocrx_word' id='word_1_248' title='bbox 977 300 1097 341; x_wconf 80' lang='lat' dir='ltr'>video.</span> <span class='ocrx_word' id='word_1_249' title='bbox 1154 301 1199 337; x_wconf 89' lang='lat' dir='ltr'>Et</span> <span class='ocrx_word' id='word_1_250' title='bbox 1218 296 1347 351; x_wconf 89' lang='lat' dir='ltr'>paullo</span> <span class='ocrx_word' id='word_1_251' title='bbox 1359 300 1464 351; x_wconf 86' lang='lat' dir='ltr'>post:</span> <span class='ocrx_word' id='word_1_252' title='bbox 1491 299 1555 338; x_wconf 83' lang='lat' dir='ltr'>De</span> <span class='ocrx_word' id='word_1_253' title='bbox 1573 298 1721 339; x_wconf 56' lang='lat' dir='ltr'>Galliir</span> 
     </span>
    </p>
   </div>
   <div class='ocr_carea' id='block_1_10' title="bbox 976 353 1863 409">
    <p class='ocr_par' dir='ltr' id='par_1_10' title="bbox 976 353 1863 409">
     <span class='ocr_line' id='line_1_52' title="bbox 976 353 1863 409; baseline -0.007 -13"><span class='ocrx_word' id='word_1_254' title='bbox 976 355 1248 407; x_wconf 79' lang='lat' dir='ltr'><em>constituetur.-</em></span> <span class='ocrx_word' id='word_1_255' title='bbox 1279 357 1370 401; x_wconf 84' lang='lat' dir='ltr'>erit,</span> <span class='ocrx_word' id='word_1_256' title='bbox 1398 357 1464 409; x_wconf 86' lang='lat' dir='ltr'>qui</span> <span class='ocrx_word' id='word_1_257' title='bbox 1484 354 1723 397; x_wconf 68' lang='lat' dir='ltr'>intercedate</span> <span class='ocrx_word' id='word_1_258' title='bbox 1787 374 1793 390; x_wconf 66' lang='lat'><em>9</em></span> <span class='ocrx_word' id='word_1_259' title='bbox 1851 353 1863 370; x_wconf 82' lang='grc'>’·</span> 
     </span>
    </p>
   </div>
   <div class='ocr_carea' id='block_1_11' title="bbox 976 410 1739 748">
    <p class='ocr_par' dir='ltr' id='par_1_11' title="bbox 976 410 1739 748">
     <span class='ocr_line' id='line_1_53' title="bbox 977 410 1720 467; baseline -0.004 -14"><span class='ocrx_word' id='word_1_260' title='bbox 977 410 1116 453; x_wconf 57' lang='grc' dir='ltr'>ιίεὶκιίε</span> <span class='ocrx_word' id='word_1_261' title='bbox 1143 412 1246 451; x_wconf 83' lang='lat' dir='ltr'>alius</span> <span class='ocrx_word' id='word_1_262' title='bbox 1273 410 1439 466; x_wconf 67' lang='lat' dir='ltr'>exsistet,</span> <span class='ocrx_word' id='word_1_263' title='bbox 1465 413 1542 467; x_wconf 86' lang='lat' dir='ltr'>qui,</span> <span class='ocrx_word' id='word_1_264' title='bbox 1569 413 1651 464; x_wconf 78' lang='lat' dir='ltr'>nist</span> <span class='ocrx_word' id='word_1_265' title='bbox 1672 412 1720 452; x_wconf 86' lang='lat' dir='ltr'>li-</span> 
     </span>
     <span class='ocr_line' id='line_1_54' title="bbox 978 466 1720 522; baseline -0.001 -12"><span class='ocrx_word' id='word_1_266' title='bbox 978 469 1064 510; x_wconf 83' lang='lat' dir='ltr'>bere</span> <span class='ocrx_word' id='word_1_267' title='bbox 1094 469 1211 508; x_wconf 82' lang='lat' dir='ltr'>liceat</span> <span class='ocrx_word' id='word_1_268' title='bbox 1239 466 1287 508; x_wconf 86' lang='lat' dir='ltr'>de</span> <span class='ocrx_word' id='word_1_269' title='bbox 1313 467 1484 507; x_wconf 85' lang='lat' dir='ltr'>omnibus</span> <span class='ocrx_word' id='word_1_270' title='bbox 1508 469 1720 522; x_wconf 73' lang='lat' dir='ltr'>prouinciis</span> 
     </span>
     <span class='ocr_line' id='line_1_55' title="bbox 977 522 1739 580; baseline -0.004 -13"><span class='ocrx_word' id='word_1_271' title='bbox 977 525 1180 567; x_wconf 82' lang='lat' dir='ltr'>decernere</span> <span class='ocrx_word' id='word_1_272' title='bbox 1208 522 1382 578; x_wconf 77' lang='lat' dir='ltr'>senatui,</span> <span class='ocrx_word' id='word_1_273' title='bbox 1408 525 1579 580; x_wconf 79' lang='lat' dir='ltr'>reliquas</span> <span class='ocrx_word' id='word_1_274' title='bbox 1607 528 1739 579; x_wconf 60' lang='lat' dir='ltr'>impe-2</span> 
     </span>
     <span class='ocr_line' id='line_1_56' title="bbox 977 582 1718 636; baseline -0.004 -13"><span class='ocrx_word' id='word_1_275' title='bbox 977 582 1077 623; x_wconf 78' lang='lat' dir='ltr'>diat.</span> <span class='ocrx_word' id='word_1_276' title='bbox 1163 584 1262 621; x_wconf 87' lang='lat' dir='ltr'>Cum</span> <span class='ocrx_word' id='word_1_277' title='bbox 1290 582 1408 630; x_wconf 79' lang='lat' dir='ltr'>igitur</span> <span class='ocrx_word' id='word_1_278' title='bbox 1435 582 1607 620; x_wconf 83' lang='lat' dir='ltr'>omnium</span> <span class='ocrx_word' id='word_1_279' title='bbox 1630 595 1718 636; x_wconf 89' lang='lat' dir='ltr'>pro-</span> 
     </span>
     <span class='ocr_line' id='line_1_57' title="bbox 977 637 1718 690; baseline -0.001 -11"><span class='ocrx_word' id='word_1_280' title='bbox 977 641 1189 679; x_wconf 85' lang='lat' dir='ltr'>vinciarum</span> <span class='ocrx_word' id='word_1_281' title='bbox 1226 637 1396 677; x_wconf 84' lang='lat' dir='ltr'>succeffio</span> <span class='ocrx_word' id='word_1_282' title='bbox 1435 637 1617 690; x_wconf 87' lang='lat' dir='ltr'>impedita</span> <span class='ocrx_word' id='word_1_283' title='bbox 1655 640 1718 678; x_wconf 84' lang='lat' dir='ltr'>fit:</span> 
     </span>
     <span class='ocr_line' id='line_1_58' title="bbox 976 692 1719 748; baseline -0.003 -12"><span class='ocrx_word' id='word_1_284' title='bbox 976 695 1106 736; x_wconf 85' lang='lat' dir='ltr'>malim</span> <span class='ocrx_word' id='word_1_285' title='bbox 1153 695 1320 742; x_wconf 86' lang='lat' dir='ltr'>credere,</span> <span class='ocrx_word' id='word_1_286' title='bbox 1366 692 1527 734; x_wconf 86' lang='lat' dir='ltr'>Sallustii</span> <span class='ocrx_word' id='word_1_287' title='bbox 1572 696 1719 748; x_wconf 83' lang='lat' dir='ltr'>potius,</span> 
     </span>
    </p>
   </div>
   <div class='ocr_carea' id='block_1_12' title="bbox 975 751 1822 806">
    <p class='ocr_par' dir='ltr' id='par_1_12' title="bbox 975 751 1822 806">
     <span class='ocr_line' id='line_1_59' title="bbox 975 751 1822 806; baseline -0.001 -14"><span class='ocrx_word' id='word_1_288' title='bbox 975 767 1090 806; x_wconf 87' lang='lat' dir='ltr'>quam</span> <span class='ocrx_word' id='word_1_289' title='bbox 1109 751 1251 800; x_wconf 85' lang='lat' dir='ltr'>Bibuli,</span> <span class='ocrx_word' id='word_1_290' title='bbox 1275 751 1519 791; x_wconf 80' lang='lat' dir='ltr'>success&#39;orem</span> <span class='ocrx_word' id='word_1_291' title='bbox 1536 751 1602 790; x_wconf 80' lang='lat' dir='ltr'>Jnic</span> <span class='ocrx_word' id='word_1_292' title='bbox 1613 753 1720 801; x_wconf 78' lang='lat' dir='ltr'>signi·</span> <span class='ocrx_word' id='word_1_293' title='bbox 1779 790 1790 796; x_wconf 79' lang='grc'><em>,</em></span> <span class='ocrx_word' id='word_1_294' title='bbox 1813 755 1822 770; x_wconf 66' lang='grc'>’“</span> 
     </span>
    </p>
   </div>
   <div class='ocr_carea' id='block_1_13' title="bbox 965 810 1736 2742">
    <p class='ocr_par' dir='ltr' id='par_1_13' title="bbox 969 810 1720 1776">
     <span class='ocr_line' id='line_1_60' title="bbox 974 810 1720 863; baseline -0.001 -14"><span class='ocrx_word' id='word_1_295' title='bbox 974 812 1090 852; x_wconf 82' lang='lat' dir='ltr'>ficari.</span> <span class='ocrx_word' id='word_1_296' title='bbox 1118 811 1229 848; x_wconf 65' lang='lat' dir='ltr'>vieto</span> <span class='ocrx_word' id='word_1_297' title='bbox 1252 810 1448 862; x_wconf 86' lang='lat' dir='ltr'>Pompeio,</span> <span class='ocrx_word' id='word_1_298' title='bbox 1465 810 1593 854; x_wconf 87' lang='lat' dir='ltr'>Syriae</span> <span class='ocrx_word' id='word_1_299' title='bbox 1612 822 1720 863; x_wconf 87' lang='lat' dir='ltr'>prae-</span> 
     </span>
     <span class='ocr_line' id='line_1_61' title="bbox 972 864 1719 916; baseline -0.001 -9"><span class='ocrx_word' id='word_1_300' title='bbox 972 866 1059 916; x_wconf 83' lang='lat' dir='ltr'>fuit,</span> <span class='ocrx_word' id='word_1_301' title='bbox 1080 866 1176 906; x_wconf 77' lang='lat' dir='ltr'>iuss&#39;u</span> <span class='ocrx_word' id='word_1_302' title='bbox 1193 865 1376 912; x_wconf 78' lang='lat' dir='ltr'>Caesaris,</span> <span class='ocrx_word' id='word_1_303' title='bbox 1404 875 1445 904; x_wconf 85' lang='lat' dir='ltr'>vt</span> <span class='ocrx_word' id='word_1_304' title='bbox 1468 868 1521 905; x_wconf 86' lang='lat' dir='ltr'>ait</span> <span class='ocrx_word' id='word_1_305' title='bbox 1551 867 1627 905; x_wconf 88' lang='lat' dir='ltr'>Dio</span> <span class='ocrx_word' id='word_1_306' title='bbox 1649 864 1719 906; x_wconf 84' lang='lat' dir='ltr'>lib.</span> 
     </span>
     <span class='ocr_line' id='line_1_62' title="bbox 973 921 1719 977; baseline -0.001 -14"><span class='ocrx_word' id='word_1_307' title='bbox 973 935 1042 977; x_wconf 86' lang='lat'>47.</span> <span class='ocrx_word' id='word_1_308' title='bbox 1061 925 1143 963; x_wconf 85' lang='lat' dir='ltr'>Sex.</span> <span class='ocrx_word' id='word_1_309' title='bbox 1168 921 1300 969; x_wconf 88' lang='lat' dir='ltr'>Iulius,</span> <span class='ocrx_word' id='word_1_310' title='bbox 1329 922 1496 962; x_wconf 87' lang='lat' dir='ltr'>Caesaris</span> <span class='ocrx_word' id='word_1_311' title='bbox 1532 924 1719 976; x_wconf 84' lang='lat' dir='ltr'>quaestor,</span> 
     </span>
     <span class='ocr_line' id='line_1_63' title="bbox 975 979 1717 1034; baseline 0 -15"><span class='ocrx_word' id='word_1_312' title='bbox 975 995 1018 1019; x_wconf 89' lang='lat' dir='ltr'>ac</span> <span class='ocrx_word' id='word_1_313' title='bbox 1037 982 1300 1034; x_wconf 76' lang='lat' dir='ltr'>propinquus:</span> <span class='ocrx_word' id='word_1_314' title='bbox 1337 994 1428 1018; x_wconf 84' lang='lat' dir='ltr'>mox</span> <span class='ocrx_word' id='word_1_315' title='bbox 1454 979 1632 1019; x_wconf 79' lang='lat' dir='ltr'>Decidius</span> <span class='ocrx_word' id='word_1_316' title='bbox 1655 981 1717 1019; x_wconf 85' lang='lat' dir='ltr'>Sa·</span> 
     </span>
     <span class='ocr_line' id='line_1_64' title="bbox 976 1037 1719 1090; baseline 0.001 -14"><span class='ocrx_word' id='word_1_317' title='bbox 976 1051 1035 1084; x_wconf 84' lang='lat' dir='ltr'>xa,</span> <span class='ocrx_word' id='word_1_318' title='bbox 1073 1038 1121 1076; x_wconf 83' lang='lat' dir='ltr'>ab</span> <span class='ocrx_word' id='word_1_319' title='bbox 1171 1037 1342 1075; x_wconf 82' lang='lat' dir='ltr'>Antonio</span> <span class='ocrx_word' id='word_1_320' title='bbox 1387 1038 1643 1090; x_wconf 86' lang='lat' dir='ltr'>praepositus,</span> <span class='ocrx_word' id='word_1_321' title='bbox 1673 1046 1719 1077; x_wconf 85' lang='lat' dir='ltr'>vt</span> 
     </span>
     <span class='ocr_line' id='line_1_65' title="bbox 975 1091 1716 1147; baseline 0.001 -15"><span class='ocrx_word' id='word_1_322' title='bbox 975 1094 1075 1133; x_wconf 86' lang='lat' dir='ltr'>idem</span> <span class='ocrx_word' id='word_1_323' title='bbox 1096 1095 1171 1133; x_wconf 91' lang='lat' dir='ltr'>Dio</span> <span class='ocrx_word' id='word_1_324' title='bbox 1198 1092 1338 1147; x_wconf 88' lang='lat' dir='ltr'>scripsit</span> <span class='ocrx_word' id='word_1_325' title='bbox 1364 1091 1429 1132; x_wconf 91' lang='lat' dir='ltr'>lib.</span> <span class='ocrx_word' id='word_1_326' title='bbox 1442 1101 1510 1146; x_wconf 74' lang='lat'>48.</span> <span class='ocrx_word' id='word_1_327' title='bbox 1539 1105 1625 1133; x_wconf 91' lang='lat' dir='ltr'>ante</span> <span class='ocrx_word' id='word_1_328' title='bbox 1641 1096 1716 1133; x_wconf 80' lang='lat' dir='ltr'>&#39;Bi-</span> 
     </span>
     <span class='ocr_line' id='line_1_66' title="bbox 972 1149 1720 1204; baseline 0.001 -14"><span class='ocrx_word' id='word_1_329' title='bbox 972 1149 1130 1191; x_wconf 79' lang='lat' dir='ltr'>bulum·</span> <span class='ocrx_word' id='word_1_330' title='bbox 1155 1159 1282 1190; x_wconf 87' lang='lat' dir='ltr'>autem</span> <span class='ocrx_word' id='word_1_331' title='bbox 1328 1151 1454 1195; x_wconf 83' lang='lat' dir='ltr'>Syriae</span> <span class='ocrx_word' id='word_1_332' title='bbox 1500 1149 1720 1204; x_wconf 86' lang='lat' dir='ltr'>praefuerat</span> 
     </span>
     <span class='ocr_line' id='line_1_67' title="bbox 973 1207 1716 1261; baseline 0 -14"><span class='ocrx_word' id='word_1_333' title='bbox 973 1207 1141 1257; x_wconf 77' lang='lat' dir='ltr'>Crassus,</span> <span class='ocrx_word' id='word_1_334' title='bbox 1156 1209 1224 1261; x_wconf 91' lang='lat' dir='ltr'>qui</span> <span class='ocrx_word' id='word_1_335' title='bbox 1244 1209 1419 1260; x_wconf 82' lang='lat' dir='ltr'>periit-in</span> <span class='ocrx_word' id='word_1_336' title='bbox 1443 1209 1609 1252; x_wconf 82' lang='lat' dir='ltr'>l&#39;arthis3</span> <span class='ocrx_word' id='word_1_337' title='bbox 1627 1217 1716 1247; x_wconf 86' lang='lat' dir='ltr'>ante</span> 
     </span>
     <span class='ocr_line' id='line_1_68' title="bbox 970 1264 1715 1309; baseline 0.001 -7"><span class='ocrx_word' id='word_1_338' title='bbox 970 1264 1144 1305; x_wconf 88' lang='lat' dir='ltr'>Crassum</span> <span class='ocrx_word' id='word_1_339' title='bbox 1164 1265 1371 1309; x_wconf 84' lang='lat' dir='ltr'>Gabinius3</span> <span class='ocrx_word' id='word_1_340' title='bbox 1399 1273 1487 1304; x_wconf 85' lang='lat' dir='ltr'>ante</span> <span class='ocrx_word' id='word_1_341' title='bbox 1506 1266 1715 1305; x_wconf 86' lang='lat' dir='ltr'>Gabinium</span> 
     </span>
     <span class='ocr_line' id='line_1_69' title="bbox 971 1320 1716 1362; baseline 0 -1"><span class='ocrx_word' id='word_1_342' title='bbox 971 1323 1042 1362; x_wconf 92' lang='lat' dir='ltr'>Cn.</span> <span class='ocrx_word' id='word_1_343' title='bbox 1070 1320 1272 1362; x_wconf 87' lang='lat' dir='ltr'>Cornelius</span> <span class='ocrx_word' id='word_1_344' title='bbox 1304 1320 1487 1360; x_wconf 82' lang='lat' dir='ltr'>Lentulus</span> <span class='ocrx_word' id='word_1_345' title='bbox 1527 1320 1716 1361; x_wconf 87' lang='lat' dir='ltr'>Marcelli·</span> 
     </span>
     <span class='ocr_line' id='line_1_70' title="bbox 972 1376 1716 1433; baseline 0.001 -16"><span class='ocrx_word' id='word_1_346' title='bbox 972 1393 1056 1426; x_wconf 82' lang='lat' dir='ltr'>nus,</span> <span class='ocrx_word' id='word_1_347' title='bbox 1086 1393 1131 1419; x_wconf 86' lang='lat' dir='ltr'>ex</span> <span class='ocrx_word' id='word_1_348' title='bbox 1158 1390 1364 1433; x_wconf 83' lang='lat' dir='ltr'>praetura;</span> <span class='ocrx_word' id='word_1_349' title='bbox 1407 1389 1494 1418; x_wconf 81' lang='lat' dir='ltr'>ante</span> <span class='ocrx_word' id='word_1_350' title='bbox 1527 1376 1716 1418; x_wconf 86' lang='lat' dir='ltr'>Marcelli·</span> 
     </span>
     <span class='ocr_line' id='line_1_71' title="bbox 972 1434 1715 1489; baseline 0.003 -15"><span class='ocrx_word' id='word_1_351' title='bbox 972 1450 1065 1475; x_wconf 87' lang='lat' dir='ltr'>num</span> <span class='ocrx_word' id='word_1_352' title='bbox 1093 1439 1136 1476; x_wconf 89' lang='lat' dir='ltr'>L.</span> <span class='ocrx_word' id='word_1_353' title='bbox 1169 1437 1336 1475; x_wconf 85' lang='lat' dir='ltr'>Marcius</span> <span class='ocrx_word' id='word_1_354' title='bbox 1374 1434 1591 1489; x_wconf 85' lang='lat' dir='ltr'>Philippus,</span> <span class='ocrx_word' id='word_1_355' title='bbox 1621 1438 1715 1476; x_wconf 81' lang='lat' dir='ltr'>item</span> 
     </span>
     <span class='ocr_line' id='line_1_72' title="bbox 971 1491 1715 1547; baseline 0.001 -15"><span class='ocrx_word' id='word_1_356' title='bbox 971 1495 1210 1547; x_wconf 49' lang='lat' dir='ltr'>praetorium</span> <span class='ocrx_word' id='word_1_357' title='bbox 1253 1502 1342 1532; x_wconf 85' lang='lat' dir='ltr'>ante</span> <span class='ocrx_word' id='word_1_358' title='bbox 1392 1491 1608 1546; x_wconf 90' lang='lat' dir='ltr'>Philippum</span> <span class='ocrx_word' id='word_1_359' title='bbox 1655 1494 1715 1534; x_wconf 84' lang='lat' dir='ltr'>M.</span> 
     </span>
     <span class='ocr_line' id='line_1_73' title="bbox 972 1549 1716 1602; baseline -0.001 -12"><span class='ocrx_word' id='word_1_360' title='bbox 972 1549 1154 1590; x_wconf 86' lang='lat' dir='ltr'>Aemilius</span> <span class='ocrx_word' id='word_1_361' title='bbox 1185 1552 1358 1597; x_wconf 71' lang='lat' dir='ltr'>Scaurm,</span> <span class='ocrx_word' id='word_1_362' title='bbox 1390 1551 1565 1602; x_wconf 83' lang='lat' dir='ltr'>quaestor</span> <span class='ocrx_word' id='word_1_363' title='bbox 1604 1552 1716 1589; x_wconf 90' lang='lat' dir='ltr'>Pom·-</span> 
     </span>
     <span class='ocr_line' id='line_1_74' title="bbox 970 1606 1715 1661; baseline 0 -15"><span class='ocrx_word' id='word_1_364' title='bbox 970 1609 1049 1661; x_wconf 81' lang='lat' dir='ltr'>peii</span> <span class='ocrx_word' id='word_1_365' title='bbox 1071 1608 1216 1656; x_wconf 85' lang='lat' dir='ltr'>Magni,</span> <span class='ocrx_word' id='word_1_366' title='bbox 1231 1607 1282 1646; x_wconf 88' lang='lat' dir='ltr'>ab</span> <span class='ocrx_word' id='word_1_367' title='bbox 1312 1620 1359 1646; x_wconf 92' lang='lat' dir='ltr'>eo</span> <span class='ocrx_word' id='word_1_368' title='bbox 1383 1606 1588 1647; x_wconf 86' lang='lat' dir='ltr'>decedente</span> <span class='ocrx_word' id='word_1_369' title='bbox 1606 1621 1715 1661; x_wconf 88' lang='lat' dir='ltr'>prae-</span> 
     </span>
     <span class='ocr_line' id='line_1_75' title="bbox 969 1665 1712 1718; baseline 0 -14"><span class='ocrx_word' id='word_1_370' title='bbox 969 1665 1132 1718; x_wconf 76' lang='lat' dir='ltr'>pofitus3</span> <span class='ocrx_word' id='word_1_371' title='bbox 1180 1673 1267 1703; x_wconf 87' lang='lat' dir='ltr'>ante</span> <span class='ocrx_word' id='word_1_372' title='bbox 1295 1665 1477 1703; x_wconf 86' lang='lat' dir='ltr'>Scaurum</span> <span class='ocrx_word' id='word_1_373' title='bbox 1507 1666 1712 1718; x_wconf 82' lang='lat' dir='ltr'>Pompeius</span> 
     </span>
     <span class='ocr_line' id='line_1_76' title="bbox 969 1720 1628 1776; baseline 0.002 -16"><span class='ocrx_word' id='word_1_374' title='bbox 969 1721 1066 1776; x_wconf 88' lang='lat' dir='ltr'>ipse,</span> <span class='ocrx_word' id='word_1_375' title='bbox 1089 1722 1154 1775; x_wconf 83' lang='lat' dir='ltr'>qui</span> <span class='ocrx_word' id='word_1_376' title='bbox 1189 1720 1452 1761; x_wconf 85' lang='lat' dir='ltr'>Mithridatem</span> <span class='ocrx_word' id='word_1_377' title='bbox 1475 1721 1628 1761; x_wconf 87' lang='lat' dir='ltr'>deuicit.</span> 
     </span>
    </p>

    <p class='ocr_par' dir='ltr' id='par_1_14' title="bbox 965 1775 1736 2690">
     <span class='ocr_line' id='line_1_77' title="bbox 1022 1775 1713 1833; baseline -0.001 -14"><span class='ocrx_word' id='word_1_378' title='bbox 1022 1780 1109 1819; x_wconf 82' lang='lat' dir='ltr'>Sine</span> <span class='ocrx_word' id='word_1_379' title='bbox 1122 1775 1264 1833; x_wconf 64' lang='lat' dir='ltr'>catfffit]</span> <span class='ocrx_word' id='word_1_380' title='bbox 1324 1780 1447 1817; x_wconf 81' lang='lat' dir='ltr'>Immo</span> <span class='ocrx_word' id='word_1_381' title='bbox 1473 1791 1628 1827; x_wconf 85' lang='lat' dir='ltr'>grauem</span> <span class='ocrx_word' id='word_1_382' title='bbox 1658 1779 1713 1818; x_wconf 88' lang='lat' dir='ltr'>ob</span> 
     </span>
     <span class='ocr_line' id='line_1_78' title="bbox 970 1833 1713 1876; baseline 0.001 -1"><span class='ocrx_word' id='word_1_383' title='bbox 970 1834 1149 1875; x_wconf 85' lang='lat' dir='ltr'>caussam:</span> <span class='ocrx_word' id='word_1_384' title='bbox 1174 1849 1258 1874; x_wconf 87' lang='lat' dir='ltr'>cum</span> <span class='ocrx_word' id='word_1_385' title='bbox 1278 1836 1412 1874; x_wconf 91' lang='lat' dir='ltr'>Cicero</span> <span class='ocrx_word' id='word_1_386' title='bbox 1433 1833 1658 1874; x_wconf 77' lang='lat' dir='ltr'>Marcellino</span> <span class='ocrx_word' id='word_1_387' title='bbox 1674 1846 1713 1876; x_wconf 86' lang='lat' dir='ltr'>et</span> 
     </span>
     <span class='ocr_line' id='line_1_79' title="bbox 969 1890 1736 1946; baseline -0.001 -13"><span class='ocrx_word' id='word_1_388' title='bbox 969 1891 1147 1946; x_wconf 87' lang='lat' dir='ltr'>Philippo</span> <span class='ocrx_word' id='word_1_389' title='bbox 1164 1891 1249 1931; x_wconf 76' lang='lat' dir='ltr'>coss.</span> <span class='ocrx_word' id='word_1_390' title='bbox 1268 1894 1402 1932; x_wconf 63' lang='lat' dir='ltr'>auetor</span> <span class='ocrx_word' id='word_1_391' title='bbox 1412 1890 1558 1937; x_wconf 78' lang='lat' dir='ltr'>senatui</span> <span class='ocrx_word' id='word_1_392' title='bbox 1574 1891 1714 1941; x_wconf 85' lang='lat' dir='ltr'>fuifl&#39;et,</span> <span class='ocrx_word' id='word_1_393' title='bbox 1732 1944 1736 1945; x_wconf 18' lang='lat' dir='ltr'><em>V</em></span> 
     </span>
     <span class='ocr_line' id='line_1_80' title="bbox 971 1948 1714 2003; baseline -0.003 -13"><span class='ocrx_word' id='word_1_394' title='bbox 971 1960 1014 1990; x_wconf 88' lang='lat' dir='ltr'>vt</span> <span class='ocrx_word' id='word_1_395' title='bbox 1034 1949 1184 1989; x_wconf 87' lang='lat' dir='ltr'>Caesari</span> <span class='ocrx_word' id='word_1_396' title='bbox 1204 1950 1255 1988; x_wconf 92' lang='lat' dir='ltr'>ob</span> <span class='ocrx_word' id='word_1_397' title='bbox 1275 1963 1336 1988; x_wconf 78' lang='lat' dir='ltr'>res</span> <span class='ocrx_word' id='word_1_398' title='bbox 1359 1950 1398 1988; x_wconf 91' lang='lat' dir='ltr'>in</span> <span class='ocrx_word' id='word_1_399' title='bbox 1418 1948 1540 1989; x_wconf 90' lang='lat' dir='ltr'>Gallia</span> <span class='ocrx_word' id='word_1_400' title='bbox 1559 1948 1714 2003; x_wconf 85' lang='lat' dir='ltr'>prospe-</span> 
     </span>
     <span class='ocr_line' id='line_1_81' title="bbox 972 2005 1713 2060; baseline -0.001 -13"><span class='ocrx_word' id='word_1_401' title='bbox 972 2021 1014 2047; x_wconf 88' lang='lat' dir='ltr'>re</span> <span class='ocrx_word' id='word_1_402' title='bbox 1033 2008 1150 2057; x_wconf 86' lang='lat' dir='ltr'>gestas</span> <span class='ocrx_word' id='word_1_403' title='bbox 1171 2005 1388 2059; x_wconf 80' lang='lat' dir='ltr'>quindecim</span> <span class='ocrx_word' id='word_1_404' title='bbox 1406 2006 1554 2046; x_wconf 87' lang='lat' dir='ltr'>dierum</span> <span class='ocrx_word' id='word_1_405' title='bbox 1572 2005 1713 2060; x_wconf 82' lang='lat' dir='ltr'>suppli-</span> 
     </span>
     <span class='ocr_line' id='line_1_82' title="bbox 972 2063 1714 2117; baseline -0.007 -13"><span class='ocrx_word' id='word_1_406' title='bbox 972 2067 1071 2106; x_wconf 86' lang='lat' dir='ltr'>catio</span> <span class='ocrx_word' id='word_1_407' title='bbox 1087 2063 1367 2111; x_wconf 87' lang='lat' dir='ltr'>decerneretur,</span> <span class='ocrx_word' id='word_1_408' title='bbox 1387 2064 1480 2102; x_wconf 87' lang='lat' dir='ltr'>item</span> <span class='ocrx_word' id='word_1_409' title='bbox 1511 2073 1553 2103; x_wconf 88' lang='lat' dir='ltr'>vt</span> <span class='ocrx_word' id='word_1_410' title='bbox 1577 2065 1714 2117; x_wconf 77' lang='lat' dir='ltr'>stipen-</span> 
     </span>
     <span class='ocr_line' id='line_1_83' title="bbox 969 2119 1712 2170; baseline -0.001 -9"><span class='ocrx_word' id='word_1_411' title='bbox 969 2122 1075 2161; x_wconf 87' lang='lat' dir='ltr'>dium</span> <span class='ocrx_word' id='word_1_412' title='bbox 1097 2135 1140 2160; x_wconf 89' lang='lat' dir='ltr'>ac</span> <span class='ocrx_word' id='word_1_413' title='bbox 1167 2119 1430 2170; x_wconf 77' lang='lat' dir='ltr'>decemlegati</span> <span class='ocrx_word' id='word_1_414' title='bbox 1466 2120 1712 2160; x_wconf 85' lang='lat' dir='ltr'>decerneren-</span> 
     </span>
     <span class='ocr_line' id='line_1_84' title="bbox 970 2176 1711 2233; baseline -0.001 -15"><span class='ocrx_word' id='word_1_415' title='bbox 970 2189 1044 2219; x_wconf 88' lang='lat' dir='ltr'>tur.</span> <span class='ocrx_word' id='word_1_416' title='bbox 1073 2192 1172 2233; x_wconf 81' lang='lat' dir='ltr'>quae</span> <span class='ocrx_word' id='word_1_417' title='bbox 1196 2176 1314 2228; x_wconf 80' lang='lat' dir='ltr'>bilem</span> <span class='ocrx_word' id='word_1_418' title='bbox 1332 2178 1510 2217; x_wconf 84' lang='lat' dir='ltr'>omnibus</span> <span class='ocrx_word' id='word_1_419' title='bbox 1539 2176 1711 2217; x_wconf 70' lang='lat' dir='ltr'>Caesaris</span> 
     </span>
     <span class='ocr_line' id='line_1_85' title="bbox 968 2236 1711 2283; baseline -0.001 -7"><span class='ocrx_word' id='word_1_420' title='bbox 968 2237 1135 2276; x_wconf 76' lang='lat' dir='ltr'>inimicis</span> <span class='ocrx_word' id='word_1_421' title='bbox 1165 2236 1368 2274; x_wconf 86' lang='lat' dir='ltr'>maximam</span> <span class='ocrx_word' id='word_1_422' title='bbox 1403 2244 1711 2283; x_wconf 80' lang='lat' dir='ltr'>commouerunt,</span> 
     </span>
     <span class='ocr_line' id='line_1_86' title="bbox 969 2289 1709 2348; baseline -0.001 -15"><span class='ocrx_word' id='word_1_423' title='bbox 969 2295 1174 2348; x_wconf 84' lang='lat' dir='ltr'>praecipue</span> <span class='ocrx_word' id='word_1_424' title='bbox 1195 2289 1346 2339; x_wconf 83' lang='lat' dir='ltr'>Bibulo,</span> <span class='ocrx_word' id='word_1_425' title='bbox 1370 2293 1436 2345; x_wconf 83' lang='lat' dir='ltr'>qui</span> <span class='ocrx_word' id='word_1_426' title='bbox 1467 2290 1596 2331; x_wconf 87' lang='lat' dir='ltr'>consul</span> <span class='ocrx_word' id='word_1_427' title='bbox 1623 2291 1709 2332; x_wconf 67' lang='lat' dir='ltr'>cu&#39;m</span> 
     </span>
     <span class='ocr_line' id='line_1_87' title="bbox 965 2347 1711 2402; baseline -0.003 -12"><span class='ocrx_word' id='word_1_428' title='bbox 965 2348 1126 2390; x_wconf 86' lang='lat' dir='ltr'>Caesare</span> <span class='ocrx_word' id='word_1_429' title='bbox 1145 2347 1287 2398; x_wconf 85' lang='lat' dir='ltr'>collega</span> <span class='ocrx_word' id='word_1_430' title='bbox 1314 2350 1497 2388; x_wconf 84' lang='lat' dir='ltr'>acerrime</span> <span class='ocrx_word' id='word_1_431' title='bbox 1524 2348 1571 2389; x_wconf 87' lang='lat' dir='ltr'>de</span> <span class='ocrx_word' id='word_1_432' title='bbox 1599 2362 1711 2402; x_wconf 84' lang='lat' dir='ltr'>repu-</span> 
     </span>
     <span class='ocr_line' id='line_1_88' title="bbox 965 2405 1711 2456; baseline -0.001 -9"><span class='ocrx_word' id='word_1_433' title='bbox 965 2407 1066 2448; x_wconf 88' lang='lat' dir='ltr'>blica</span> <span class='ocrx_word' id='word_1_434' title='bbox 1083 2405 1339 2446; x_wconf 76' lang='lat' dir='ltr'>contenderat,</span> <span class='ocrx_word' id='word_1_435' title='bbox 1396 2405 1570 2455; x_wconf 80' lang='lat' dir='ltr'>Laeserat</span> <span class='ocrx_word' id='word_1_436' title='bbox 1591 2408 1711 2456; x_wconf 85' lang='lat' dir='ltr'>igitur</span> 
     </span>
     <span class='ocr_line' id='line_1_89' title="bbox 966 2463 1709 2504; baseline -0.003 0"><span class='ocrx_word' id='word_1_437' title='bbox 966 2463 1148 2504; x_wconf 89' lang='lat' dir='ltr'>Bibulum</span> <span class='ocrx_word' id='word_1_438' title='bbox 1172 2465 1309 2502; x_wconf 84' lang='lat' dir='ltr'>Cicero</span> <span class='ocrx_word' id='word_1_439' title='bbox 1340 2464 1380 2501; x_wconf 89' lang='lat' dir='ltr'>in</span> <span class='ocrx_word' id='word_1_440' title='bbox 1411 2463 1587 2502; x_wconf 89' lang='lat' dir='ltr'>ornando</span> <span class='ocrx_word' id='word_1_441' title='bbox 1613 2465 1709 2503; x_wconf 89' lang='lat' dir='ltr'>Cae·</span> 
     </span>
     <span class='ocr_line' id='line_1_90' title="bbox 965 2520 1709 2574; baseline -0.001 -14"><span class='ocrx_word' id='word_1_442' title='bbox 965 2520 1059 2569; x_wconf 88' lang='lat' dir='ltr'>sare,</span> <span class='ocrx_word' id='word_1_443' title='bbox 1082 2520 1129 2559; x_wconf 88' lang='lat' dir='ltr'>de</span> <span class='ocrx_word' id='word_1_444' title='bbox 1152 2521 1263 2574; x_wconf 83' lang='lat' dir='ltr'>ipsius</span> <span class='ocrx_word' id='word_1_445' title='bbox 1283 2531 1409 2560; x_wconf 83' lang='lat' dir='ltr'>tamen</span> <span class='ocrx_word' id='word_1_446' title='bbox 1431 2522 1709 2560; x_wconf 66' lang='lat' dir='ltr'>existimatione</span> 
     </span>
     <span class='ocr_line' id='line_1_91' title="bbox 965 2576 1708 2631; baseline 0 -14"><span class='ocrx_word' id='word_1_447' title='bbox 965 2577 1062 2617; x_wconf 89' lang='lat' dir='ltr'>nihil</span> <span class='ocrx_word' id='word_1_448' title='bbox 1082 2577 1309 2628; x_wconf 82' lang='lat' dir='ltr'>detraxerat,</span> <span class='ocrx_word' id='word_1_449' title='bbox 1328 2588 1529 2631; x_wconf 85' lang='lat' dir='ltr'>propterea</span> <span class='ocrx_word' id='word_1_450' title='bbox 1548 2580 1613 2626; x_wconf 86' lang='lat' dir='ltr'>ait,</span> <span class='ocrx_word' id='word_1_451' title='bbox 1621 2576 1708 2630; x_wconf 82' lang='lat' dir='ltr'>fine</span> 
     </span>
     <span class='ocr_line' id='line_1_92' title="bbox 967 2632 1141 2690; baseline -0.011 -14"><span class='ocrx_word' id='word_1_452' title='bbox 967 2632 1104 2690; x_wconf 59' lang='lat' dir='ltr'>catss&#39;a.</span> <span class='ocrx_word' id='word_1_453' title='bbox 1140 2643 1141 2648; x_wconf 78' lang='grc'>’</span> 
     </span>
    </p>

    <p class='ocr_par' dir='ltr' id='par_1_15' title="bbox 1026 2687 1704 2742">
     <span class='ocr_line' id='line_1_93' title="bbox 1026 2687 1704 2742; baseline -0.003 -12"><span class='ocrx_word' id='word_1_454' title='bbox 1026 2689 1270 2740; x_wconf 81' lang='lat' dir='ltr'>Antiochiae]</span> <span class='ocrx_word' id='word_1_455' title='bbox 1311 2693 1363 2730; x_wconf 83' lang='lat' dir='ltr'>Ex</span> <span class='ocrx_word' id='word_1_456' title='bbox 1392 2703 1467 2742; x_wconf 90' lang='lat' dir='ltr'>qua</span> <span class='ocrx_word' id='word_1_457' title='bbox 1485 2687 1649 2728; x_wconf 79' lang='lat' dir='ltr'>Parthos·</span> <span class='ocrx_word' id='word_1_458' title='bbox 1659 2689 1704 2728; x_wconf 88' lang='lat' dir='ltr'>C.</span> 
     </span>
    </p>
   </div>
   <div class='ocr_carea' id='block_1_14' title="bbox 970 2744 1706 2842">
    <p class='ocr_par' dir='ltr' id='par_1_16' title="bbox 970 2744 1706 2842">
     <span class='ocr_line' id='line_1_94' title="bbox 970 2744 1706 2809; baseline -0.008 -21"><span class='ocrx_word' id='word_1_459' title='bbox 970 2744 1135 2797; x_wconf 69' lang='lat' dir='ltr'>eamus,</span> <span class='ocrx_word' id='word_1_460' title='bbox 1166 2748 1340 2802; x_wconf 82' lang='lat' dir='ltr'>quaestor</span> <span class='ocrx_word' id='word_1_461' title='bbox 1364 2749 1430 2801; x_wconf 57' lang='lat' dir='ltr'>⁵M.</span> <span class='ocrx_word' id='word_1_462' title='bbox 1457 2745 1595 2794; x_wconf 72' lang='lat' dir='ltr'>Crasti,</span> <span class='ocrx_word' id='word_1_463' title='bbox 1628 2747 1706 2809; x_wconf 74' lang='lat' dir='ltr'>iam</span> 
     </span>
     <span class='ocr_line' id='line_1_95' title="bbox 1606 2815 1706 2842; baseline -0.01 0"><span class='ocrx_word' id='word_1_464' title='bbox 1606 2815 1706 2842; x_wconf 74' lang='lat' dir='ltr'>seie-</span> 
     </span>
    </p>
   </div>
   <div class='ocr_carea' id='block_1_15' title="bbox 1805 0 1863 2100">
    <p class='ocr_par' dir='ltr' id='par_1_17' title="bbox 1805 0 1863 2100">
     <span class='ocr_line' id='line_1_96' title="bbox 1805 0 1863 2100; baseline 0 0"><span class='ocrx_word' id='word_1_465' title='bbox 1805 0 1863 2100; x_wconf 95' lang='lat' dir='ltr'> </span> 
     </span>
    </p>
   </div>
  </div>
 </body>
</html>
