1863 3172
22 246 25 247 ⁷
93 252 228 297 verbo,
251 250 453 290 Romanas.
481 248 526 286 fic
551 246 616 286 lib.
635 261 664 301 4

288 79 357 120 IN
383 79 493 119 CIC.
518 78 707 119 EPIST.
735 78 866 118 FAM.
895 78 1006 118 LIB.
1036 77 1084 116 11.
1131 77 1319 117 EPIST.
1348 78 1428 117 XV.
1546 83 1626 131 183

149 194 225 235 Res
249 193 459 241 Romanas]
508 188 690 237 Ἕμφιισις
721 191 830 230 estin
885 189 1011 230 Velim
1030 189 1211 243 dispicias
1233 205 1294 231 res
1318 190 1525 230 Romanas.
1584 193 1627 231 Et

667 278 674 286 .
703 246 749 286 ad
767 250 830 285 At·
885 244 963 284 alio
991 243 1098 286 loco:
1147 247 1230 287 Iam
1270 247 1457 287 exclames
1494 247 1630 300 mceffi

74 308 153 356 [tic.
173 307 273 359 epist.
295 309 355 348 16·
405 304 475 345 Ad
492 305 588 360 quid
613 304 830 344 laboramus
886 302 949 354 est,
979 317 1038 344 res
1060 304 1254 347 Romanas
1269 304 1418 346 diutius
1428 304 1536 360 stare
1553 316 1629 345 nvn

15 357 19 362 ’
93 377 155 405 res
172 363 393 404 Romanas?
444 364 489 402 Et
510 361 575 402 lib.
597 364 634 404 6.
666 361 769 414 epist.
791 366 827 408 8.
879 356 988 414 POffi’·

579 492 1003 533 EPISTOLAE
1062 493 1150 532 XV.

495 581 1217 632 ARGVMENTVM.

201 685 242 724 Si
261 686 346 740 quis
367 683 482 724 coelii
500 693 581 724 tres
608 679 783 734 epistolas
810 681 958 736 legerit,
985 681 1121 737 quibus
1142 682 1271 723 Cicero
1291 683 1500 737 respondet,
1521 685 1586 726 lib.
1597 693 1631 732 ε.

92 756 135 780 11.
159 757 204 795 13.
225 756 261 793 ¹7
300 744 332 780 is
353 752 574 793 magnopere
593 739 760 794 nestram
780 739 1139 790 interpretationem
1159 755 1233 779 non
1254 739 1500 790 defiderabit.
1545 744 1634 795 Epi-

75 798 204 854 stolae
229 801 357 851 capita
365 796 463 848 fime
479 797 582 843 haec,
610 799 655 835 de
676 795 1016 846 [implicationibus
1041 796 1147 845 fitis,
1181 796 1228 836 de
1249 797 1364 848 filiae
1391 809 1430 838 et
1448 798 1636 839 Dolabel-

89 855 153 895 lae
170 856 326 907 nuptiis.
355 856 400 893 de
419 855 499 904 sua
521 850 792 903 sollieitudine
822 851 866 891 oh
897 853 1030 892 ciuiles
1057 852 1293 903 discordias,
1319 853 1365 894 de
1394 855 1635 905 rationibus,

88 912 225 968 quibus
247 909 434 951 adduflus
466 911 504 949 C.
538 910 714 956 Coelium,
747 908 978 961 quaestorem
995 911 1136 960 snum,
1162 912 1384 963 prouinciae
1411 913 1636 965 praeposue-

89 970 171 1017 γῆς
197 966 245 1008 de
272 968 353 1008 Ser.
374 967 508 1007 Ocella
527 968 568 1007 in
586 964 792 1006 adulteriis
814 964 1051 1019 deprehensi),
1086 966 1134 1007 de
1154 967 1264 1007 rebus
1294 967 1342 1007 ab
1362 968 1484 1009 aedili
1513 969 1636 1009 Coelio

84 1025 212 1078 gestis,
233 1026 279 1063 de
285 1025 361 1075 fico
389 1023 446 1064 ad
470 1024 602 1064 vrbem
629 1024 771 1063 reditu.

859 1023 958 1061 Tota
989 1025 1190 1080 negotialis
1223 1024 1402 1079 elo-fiola:
1437 1024 1634 1079 respondet

89 1084 192 1121 em'm
221 1079 277 1119 ad
293 1096 349 1126 ea,
371 1093 465 1134 quae
484 1082 600 1121 coelii
618 1081 778 1121 litterae
785 1077 1125 1136 fignfficauerant.
1153 1096 1243 1120 nam
1268 1084 1437 1122 rationes
1460 1084 1506 1122 de
1523 1097 1637 1138 quae·

74 1137 188 1194 flore
205 1139 427 1190 prouinciae
443 1137 656 1191 praeposito
663 1166 678 1186 ,
704 1139 791 1194 quis
830 1150 906 1176 non
933 1135 1040 1178 videt
1069 1137 1125 1178 ad
1155 1138 1342 1195 negotiale
1362 1152 1484 1193 genus
1513 1141 1635 1193 perti-

89 1207 181 1235 nere
192 1196 213 1234 ?

607 1303 1121 1344 EXPLANATIO.

91 1374 372 1464 Prudentius]
399 1377 502 1424 Qtia
520 1373 714 1429 scripserat
725 1377 834 1414 sloe-

181 1432 255 1473 lius
280 1433 346 1473 lib.
365 1440 402 1483 8.
415 1433 520 1487 epist.
538 1444 552 1473 1
568 1446 597 1474 ι.
628 1430 685 1472 ad
694 1431 836 1485 pae‘lio-

90 1505 173 1531 nem
192 1489 461 1544 defiendimus.
502 1488 609 1542 quod
641 1491 831 1542 optimum

91 1548 133 1586 in
172 1561 214 1587 re
252 1545 397 1586 difficili
432 1547 613 1595 Curionis
643 1556 680 1586 et
705 1544 832 1586 Coelii

13 1637 15 1644 Α
90 1603 287 1647 confilium
315 1603 400 1643 fuit.

146 1659 519 1714 Desitpplicatione]
574 1659 676 1699 Mihi
703 1659 829 1700 confe-

87 1719 160 1766 ἂε,
200 1720 371 1771 quinque
399 1717 561 1763 dierum,
600 1726 642 1755 vt
676 1719 830 1769 opinor.

30 1766 35 1778 ’
89 1789 177 1814 nam
200 1774 408 1822 ordinaria,
441 1787 539 1828 quae
567 1771 828 1813 consularibus

89 1831 386 1879 decernebatur,
429 1830 583 1880 longior
624 1844 704 1868 non
741 1829 827 1873 fuit.

87 1888 193 1942 quod
232 1903 277 1928 ex
315 1889 416 1929 Liuii
448 1886 536 1927 loco
564 1886 758 1927 docemur.
794 1889 826 1926 is

88 1948 189 1986 enim
208 1944 274 1985 lib.
286 1955 354 1997 45.
380 1959 410 1983 c.
427 1957 464 1986 2.
487 1943 533 1983 de
551 1942 826 1997 supplicatione

87 2001 219 2044 Paullo
232 2000 396 2042 Aemilio
409 2002 460 2040 ob
471 2001 753 2042 Macedonicam
771 2003 825 2040 vi·

86 2062 246 2100 &oriam
261 2059 422 2105 decreta,
442 2059 488 2097 fic
505 2059 651 2110 inquit:
677 2059 824 2109 Suppli-

87 2119 188 2158 catio
220 2129 289 2170 pro
324 2117 497 2156 concione
519 2114 647 2167 populi
674 2113 824 2155 inclina

86 2173 138 2226 est
157 2188 206 2214 ex
229 2184 319 2214 ante
335 2171 437 2213 diem
456 2187 492 2212 v.
505 2170 561 2212 ld.
585 2170 668 2212 Ofl.
685 2186 770 2213 cum
780 2184 822 2211 eo

83 2229 148 2271 die
166 2231 208 2269 in
227 2232 390 2285 quinque
408 2227 502 2269 dies.
580 2230 690 2267 Extra
719 2227 820 2267 ordi-

85 2300 173 2325 nem
191 2288 371 2340 Pompeio
392 2283 581 2338 duplicata
603 2286 666 2332 est,
696 2284 822 2325 confe-

83 2344 148 2383 ἃο
169 2343 429 2383 Mithridatico
451 2339 567 2389 bello,
587 2353 627 2381 vt
655 2341 743 2382 effer
759 2342 821 2382 de·

81 2413 167 2438 cem
188 2399 349 2447 dierum,
370 2412 468 2453 quae
483 2401 654 2452 quinque
685 2398 820 2438 fuerat.

84 2470 316 2509 quamquam
344 2459 384 2506 in
412 2466 497 2495 orat
537 2455 583 2495 de
609 2458 818 2508 prouinciis

86 2527 117 2552 e.
133 2524 195 2554 11.
225 2513 341 2564 modo
365 2513 506 2559 decem,
527 2512 644 2551 modo
677 2512 820 2553 duode-

87 2571 160 2609 cim
178 2568 327 2619 legitur.
356 2583 424 2619 ego
440 2579 564 2608 tamen
584 2569 711 2608 decem
734 2585 822 2623 pro·

84 2628 159 2668 bo:
197 2638 238 2666 vt
261 2623 465 2666 consularis
498 2625 712 2679 duplicetur
740 2626 842 2680 sup-⁷

83 2681 262 2737 plicatio:
304 2698 415 2737 quam
461 2685 631 2735 quinque
674 2683 820 2723 dierum

84 2738 398 2796 suiffe,'exemplo
425 2737 556 2788 Paulli,
574 2743 746 2794 proxime
766 2756 822 2781 re-

891 1380 1018 1424 citato,
1041 1377 1292 1428 cognoscitur.
1323 1393 1413 1419 nam
1439 1381 1483 1420 C.
1504 1381 1634 1421 Mario

890 1433 1204 1488 supplicationem
1244 1435 1435 1476 decretam
1463 1435 1634 1490 plurium

889 1491 1051 1539 dierum,
1086 1506 1202 1545 quam
1229 1492 1387 1541 Paullo,
1411 1493 1452 1532 id
1470 1495 1541 1541 est,
1571 1493 1633 1534 sex

887 1547 1064 1597 fortaffe,
1095 1559 1162 1588 aut
1201 1548 1365 1603 septem,
1406 1552 1633 1603 pauciorum

888 1619 1003 1659 quam
1027 1607 1100 1645 Cn.
1119 1607 1315 1660 Pompeio,
1354 1609 1415 1646 cui
1439 1606 1630 1661 duplicata

886 1664 938 1701 est
965 1661 1187 1716 supplicatio
1207 1663 1425 1712 consulafflz,
1447 1663 1552 1717 quod
1565 1679 1629 1704 an·

886 1729 923 1758 te
953 1721 1165 1770 contigerat
1202 1722 1356 1769 nemini,
1382 1720 1546 1760 declarat
1569 1736 1628 1770 ea-

886 1775 972 1815 dem
999 1779 1149 1825 oratio,
1181 1787 1219 1817 et
1248 1787 1335 1830 apte
1370 1777 1543 1832 quadrat,
1570 1788 1628 1827 vt,

884 1833 1206 1886 quemadmodum
1243 1835 1425 1889 Pompeio
1453 1838 1629 1889 quinque

883 1890 963 1929 dies
984 1889 1161 1944 amplius,
1197 1905 1312 1945 quam
1347 1894 1503 1939 ceteris,
1529 1895 1624 1932 item

882 1945 1034 1987 Caesari
1079 1950 1250 2001 quinque
1287 1948 1470 2002 amplius,
1508 1963 1623 2002 quam

880 2006 1085 2058 Pompeio,
1115 2015 1218 2044 extra
1252 2005 1427 2045 ordinem
1451 2006 1622 2046 tribuan—

879 2071 956 2109 tur,
976 2072 1017 2101 vt
1045 2060 1161 2102 ess'ent
1188 2062 1405 2116 quindecim
1435 2064 1619 2105 omnino:

879 2119 996 2171 quod,
1018 2128 1167 2171 praeter
1197 2119 1356 2158 eandem
1387 2121 1616 2167 orationem,

878 2175 1041 2214 ostendit
1063 2175 1141 2228 ipse
1160 2175 1295 2215 Caesar
1316 2174 1380 2215 lib.
1395 2189 1429 2215 c.
1455 2175 1500 2214 de
1524 2175 1614 2218 bell.

875 2230 972 2271 Gall.
983 2246 1012 2270 c.
1026 2244 1089 2284 35.
1107 2235 1311 2286 posteaque
1327 2231 1411 2273 aliis
1429 2234 1542 2273 rebus
1554 2246 1617 2283 ge·

876 2289 951 2336 stis,
971 2290 1128 2327 eandem
1149 2292 1318 2342 quinque
1338 2290 1486 2328 dierum
1498 2290 1614 2329 acces-

873 2346 1014 2384 sionem
1052 2344 1124 2384 effe
1160 2346 1318 2394 saetam,
1348 2347 1613 2401 decretamque

874 2402 940 2440 fibi
961 2404 1097 2451 viginti
1112 2402 1260 2443 dierum
1284 2402 1612 2457 supplicationem,

873 2457 973 2498 idem
995 2460 1132 2512 scripsit
1168 2459 1233 2501 lib.
1246 2475 1285 2515 4.
1314 2468 1422 2515 c.38.
1452 2460 1608 2504 ibidem.

875 2516 1104 2567 Supplicutio
1126 2527 1251 2556 autc-n
1285 2518 1492 2565 dicentum,
1524 2534 1610 2558 cum

876 2571 1039 2625 populus
1065 2573 1262 2612 vni3=ers=1s
1297 2575 1341 2617 ad
1374 2577 1500 2613 omnia
1521 2576 1611 2613 deo-

876 2643 962 2668 rum
990 2628 1143 2682 templa,
1156 2631 1265 2670 caesis
1289 2633 1467 2679 vielimis,
1487 2632 1533 2672 de
1555 2634 1609 2671 vi·

878 2687 998 2725 &oria
1021 2697 1126 2739 parta
1154 2687 1424 2737 gratulabatur.
1471 2691 1611 2742 quibus

879 2741 1011 2781 diebus
1032 2744 1127 2783 nihil
1145 2759 1254 2796 agere
1285 2741 1369 2786 eum
1396 2746 1540 2801 populo
1570 2745 1613 2784 li·

933 2802 1033 2854 M4

1485 2804 1611 2843 cebat:
