1863 3172
326 95 398 136 ΙΝ
426 93 540 135 cm.
569 93 1075 136 EP1sT.1=·AM;1.13.
1105 86 1483 137 νι.ειίετ.νῐ.
1577 103 1661 152 389

961 206 1119 261 Natus]
1146 211 1254 249 Patre
1268 206 1523 254 nobilissim05
1549 217 1590 248 vt
1607 209 1649 248 in

899 263 1055 317 epistola
1079 263 1266 319 sequenti.

954 323 1153 377 Cognitm]
1193 325 1347 370 Fateor,
1366 321 1560 363 duriorem
1580 320 1646 377 eſj‘e

896 376 1150 419 conditionem
1194 379 1397 432 speHatae
1456 382 1643 427 virtutis,

894 448 1011 489 quam
1034 437 1263 487 incognitae,
1304 437 1432 488 inquit
1475 440 1527 477 M.
1551 439 1643 476 Bru·-

897 500 956 530 tus
975 491 1016 529 in
1036 491 1192 545 epistola
1219 493 1267 533 ad
1288 495 1514 532 Ciceronem
1536 495 1640 547 epist.

899 551 964 590 16.
990 548 1039 586 ad
1067 551 1172 589 Brut.
1210 548 1329 590 fimile
1366 548 1465 589 illud
1513 549 1579 590 lib.
1602 561 1640 592 1.

100 209 228 249 omnia
237 206 372 248 delata
392 205 450 247 ad
459 220 577 247 vuum
585 207 682 257 sunt
694 222 707 245 .·
729 208 770 246 in
781 206 844 247 de-

98 266 194 306 cima
217 266 339 311 tertia,
368 263 434 320 qui
455 265 667 317 plurimum
682 263 814 320 potest.

153 337 208 376 Eo
224 335 301 389 ipso
319 333 410 375 bono
432 334 516 387 tuo]
576 336 761 374 Caecinae
783 336 841 374 in-

95 395 223 442 genio.
251 394 292 431 in
311 388 467 445 epistola
497 391 691 445 sequenti:
728 393 839 432 miri·

82 449 159 502 fiee
192 448 353 505 ingeniis
392 448 689 496 excellentibus,
724 449 839 505 quale

94 506 145 559 est
168 515 289 552 tuum,
309 504 535 547 delebatur.

154 588 369 643 Violatum]
391 592 493 641 Qlia
510 592 674 631 Caecina
695 592 736 629 in
747 593 838 630 Cae-

52 677 68 691 .,
93 644 214 686 sarem
233 646 440 701 scripserat,
465 649 568 702 epist.
579 659 618 701 7.
652 651 838 688 et‘Sueto·
862 655 866 661 “

90 706 180 747 nius
201 706 241 744 in
264 704 365 744 Iulio
402 717 510 759 c.75.
540 704 607 744 vbi
634 703 682 743 de
704 704 837 744 Caesa·

53 798 62 803 .
92 763 146 801 ris
178 760 443 801 moderatione
471 774 514 800 ac
542 759 743 800 clementia
780 760 835 800 lo-

93 820 240 872 quitur,
260 819 311 858 A.
335 819 530 866 Caecinae,
550 819 688 871 inquit,
708 819 835 858 crimi-

91 874 277 928 noszffi'mo
296 873 396 917 libro
405 876 624 916 laceratam
642 875 835 928 existima-

92 932 501 982 tionentfitant,'ciuili
517 933 643 972 animo
669 932 778 972 tulit.

149 1003 270 1061 Qtod
288 1003 408 1056 ipfimt
426 1002 592 1056 lenitur]
632 1005 734 1042 Haec
756 1001 835 1057 ipsa

89 1059 161 1107 ira,
183 1073 298 1113 quam
330 1062 540 1100 commouit
567 1062 608 1099 in
636 1059 835 1100 Caesarem

90 1114 189 1159 liber
209 1126 310 1164 tuus,
337 1117 514 1173 quotidie
542 1115 703 1158 sedatur.

895 605 999 657 epist.
1013 608 1052 648 6.
1082 606 1236 659 Praesta
1252 619 1288 647 te
1305 620 1404 653 eum,
1422 608 1490 662 qui
1504 608 1599 647 mihi
1614 621 1639 645 a

892 664 1051 710 teneris,
1073 673 1118 701 vt
1137 663 1278 704 Graeci
1296 662 1446 710 dicunt,
1459 666 1639 719 vnguicu—

892 718 944 758 lis
960 733 999 758 es
1018 720 1203 774 cognitus.
1291 722 1375 760 Nec
1393 719 1561 759 alienum
1587 722 1639 759 est

892 776 940 814 ab
963 775 1031 814 hac
1053 776 1249 826 sententia,
1267 777 1375 831 quod
1391 776 1542 826 -legitur
1569 775 1639 819 lib.

893 844 931 885 9.
952 834 1054 886 epist.
1072 846 1134 887 14.
1178 835 1243 875 Ne
1270 836 1361 875 licet
1381 833 1535 890 quidem
1561 833 1638 874 tibi

893 891 985 937 iam,
1006 892 1133 930 tantis
1162 890 1275 932 rebus
1302 891 1437 947 ggstis,
1475 904 1549 931 non
1574 892 1638 933 tui

878 944 1054 999 similem
1071 946 1149 1001 eJJb.

954 1004 991 1043 V
990 1003 1128 1058 ettgstas
1146 997 1265 1057 nostri
1289 1005 1450 1060 amoris]
1482 1007 1636 1060 Qippe

893 1074 979 1100 cum
1000 1063 1112 1099 etiam
1125 1063 1205 1100 eius
1229 1072 1336 1115 patre
1352 1062 1637 1105 familiariffime

891 1118 936 1156 fit
953 1115 1052 1157 vsus.
1082 1117 1171 1157 vide
1188 1118 1256 1159 lib.
1273 1130 1336 1174 13.
1368 1121 1472 1179 epist·
1486 1122 1554 1164 66.

592 1232 1019 1272 EPISTOLAE
1065 1234 1146 1275 VI„

473 1320 1231 1382 ARGVMENTVM.

223 1420 392 1470 Excusat
406 1421 633 1460 litterarum
652 1417 911 1460 tarditatem.-
936 1430 1021 1461 tum
1039 1419 1190 1462 inducit
1201 1419 1491 1462 diuinationem·
1516 1434 1634 1477 quau-

89 1476 194 1525 dam,
219 1493 240 1518 e
259 1477 420 1526 Caesare
439 1477 529 1530 ipso,
553 1488 592 1517 et
610 1491 744 1516 rerum
772 1488 1055 1534 temporumque
1083 1493 1224 1518 natura
1237 1477 1458 1532 simtptam:
1490 1477 1634 1532 pastre-

88 1549 150 1575 mo
167 1533 387 1586 consolatur
406 1548 505 1582 eum,
523 1533 720 1588 proposita
739 1531 997 1586 fortitudinis
1023 1535 1152 1583 laude,
1179 1536 1409 1589 conscientia
1444 1533 1544 1575 reHe
1556 1533 1633 1587 fa-

88 1591 250 1638 Horum,
270 1589 520 1631 deleaatione
542 1592 778 1636 litterarum,
813 1591 1042 1631 calamitate
1069 1591 1212 1632 ducum
1245 1593 1313 1633 vel
1335 1594 1544 1634 recentium
1567 1592 1635 1633 vel

85 1659 274 1695 veterum,
298 1647 590 1700 perturbatione
619 1647 860 1703 reipublicae.
941 1646 1083 1692 Eodem
1112 1662 1233 1703 anno,
1252 1660 1370 1708 atque
1396 1650 1513 1691 etiam
1539 1658 1634 1689 ante

42 1758 57 1768 ,
85 1706 309 1759 proximam
318 1705 571 1760 superiorem.
1321 1712 1324 1713 ’

569 1819 1165 1862 ΕΧΡῑΛΝΑΤΙΟε

82 1913 374 1998 Meritorum
392 1909 609 1958 multorum,
637 1919 673 1948 et
677 1907 830 1963 studio-

201 1982 303 2016 rum,
321 1979 359 2007 et
373 1969 547 2020 partium
566 1975 679 2005 ERN.
698 1966 830 2020 etsta·

84 2023 240 2066 eliorum
257 2023 432 2077 parium]
463 2024 543 2063 Lib.
559 2033 622 2073 13.
645 2023 749 2075 epist.
761 2025 828 2067 66.

86 2083 291 2121 Caecinam
313 2080 479 2135 appellat
497 2079 694 2119 hominem
706 2081 828 2118 omni-

82 2137 157 2178 bus
188 2137 313 2178 secum
343 2136 472 2177 studiis
503 2135 714 2187 officiisque
741 2150 828 2175 con-

82 2195 367 2235 iunffiffimum.
454 2196 528 2232 Hic
548 2191 617 2232 vel'
630 2190 748 2231 studia
770 2191 828 2232 lit-

83 2261 256 2291 terarum
300 2252 575 2302 significantur,
623 2259 665 2288 vt
704 2248 769 2288 lib.
792 2261 828 2301 ς.

85 2309 191 2362 epist.
209 2318 270 2362 ις.
313 2307 502 2362 vetustas,
529 2319 649 2353 amor,
681 2319 747 2345 con
770 2320 828 2345 ue-

84 2361 340 2420 tudo,studia
352 2365 496 2418 paria.-
533 2361 593 2402 vel
622 2363 735 2402 etlam
757 2364 828 2402 stu·

87 2420 152 2461 dia
180 2423 221 2460 in
250 2419 545 2475 rempublicam,
580 2421 672 2472 quia
701 2418 826 2459 fuerat

84 2488 249 2531 vterque
273 2479 315 2517 in
335 2476 526 2532 praesidiis
541 2477 727 2529 Pompeii,
753 2490 825 2530 pro

87 2533 207 2575 caussa
226 2536 465 2589 optimatum,
485 2534 524 2572 id
557 2534 608 2571 est
642 2532 827 2586 reipubli-

87 2606 164 2632 cae.
194 2595 314 2631 Antea
335 2590 543 2640 legebatur,
555 2600 590 2628 et
598 2588 827 2641 studiorum,

42 2674 48 2679 ·
87 2659 124 2690 et
138 2651 325 2701 partium.
363 2646 504 2701 placuit
526 2659 660 2684 eorum
681 2644 827 2685 senten-

55 2752 58 2757 ,
84 2707 152 2751 tia,
173 2704 469 2759 quistudiorum
484 2704 653 2756 parium,
669 2715 743 2756 ope
764 2701 831 2742 ali·

88 2775 164 2817 qua
181 2763 331 2817 veteris·
340 2759 431 2802 libri
451 2758 717 2814 reposuerunt.

943 1909 1020 1951 Sed
1035 1921 1166 1952 tamen
1184 1915 1339 1964 vereor]
1391 1911 1541 1952 Etiamfi
1564 1910 1629 1951 de·

887 1966 959 2006 effe
983 1968 1056 2007 tibi
1088 1983 1168 2008 non
1190 1969 1330 2010 debere
1355 1968 1541 2018 intelligas
1571 1966 1630 2008 of-

885 2025 1012 2065 ficium
1042 2038 1195 2071 meum3
1237 2037 1366 2067 tamen
1392 2039 1551 2072 vereor,
1577 2038 1625 2063 ne

883 2079 1096 2121 litterarum
1114 2096 1136 2121 a
1168 2083 1423 2128 me-officium,
1441 2082 1629 2135 requiras·-

940 2136 1194 2193 Expulgffent]
1234 2139 1420 2181 Clodiana
1453 2148 1626 2191 tempora

885 2195 1075 2244 fignificat,
1087 2210 1155 2234 nec
1165 2198 1282 2246 magis
1293 2195 1416 2250 ipsum
1429 2195 1626 2242 Clodium,

885 2264 1001 2304 quam
1019 2250 1232 2301 Caesarem,
1252 2255 1486 2306 Pompeium,
1515 2249 1634 2292 Cras·v

883 2307 965 2347 sum
985 2309 1095 2347 tacite
1116 2311 1253 2362 carpit:
1283 2311 1350 2364 qui
1375 2323 1521 2357 omnes,
1541 2306 1627 2362 pul-

882 2363 922 2404 so
941 2365 1145 2415 Cicerone,
1163 2365 1311 2406 facilius
1330 2366 1474 2406 aditum
1493 2366 1560 2405 fibi
1575 2363 1626 2404 ad

881 2421 1033 2474 pessima
1050 2435 1226 2476 quaeque
1257 2425 1384 2476 parari
1408 2421 1512 2477 poffe
1542 2435 1619 2461 cre-

880 2476 1072 2518 diderunt.
1122 2479 1211 2520 vide
1245 2490 1342 2520 orat.
1377 2476 1449 2534 pr'o
1494 2480 1621 2518 Sextio

884 2548 913 2572 c.
932 2544 992 2587 17.
1010 2541 1074 2583 18.

940 2592 1026 2647 Qci
1052 2590 1165 2631 illam
1193 2589 1331 2632 cadere
1360 2588 1471 2644 passi,
1484 2591 1623 2646 stante

883 2661 951 2693 me,
974 2658 1049 2686 non
1062 2647 1273 2701 putarunt]
1331 2650 1461 2688 Maior
1486 2651 1526 2687 in
1548 2650 1622 2701 pri-

884 2715 975 2743 vato
1002 2705 1084 2743 ciue
1113 2705 1265 2744 virtutis
1295 2707 1378 2744 fieri
1402 2705 1622 2754 significatio

885 2774 965 2799 non
981 2760 1132 2812 ‘potest‚
1157 2774 1276 2816 quam
1297 2763 1322 2802 fi
1353 2761 1548 2802 fortunam
1581 2759 1625 2798 il-

944 2818 1006 2858 Bb
1038 2829 1059 2871 3
1552 2816 1629 2858 lius
