1863 3172
220 103 223 106 -
260 131 328 170 IN
353 129 469 171 CIC.
497 130 690 184 Epis'r.
717 131 850 196 FAM.
879 130 985 172 LIB.
1007 133 1076 174 111.
1106 132 1297 174 EPIST.
1316 133 1422 174 VIII.

127 241 293 282 le'mam‘t
321 243 489 298 aliquid]
546 244 713 282 Detriuit
741 241 807 281 ali-

69 299 176 351 quid,
195 300 377 346 detraxit,
403 301 608 347 imminuit,
647 310 687 339 vt
716 298 805 338 lima

70 355 175 394 solet.
257 357 328 394 Hic
348 370 489 394 moneo
517 355 714 403 lectorem,
743 357 805 394 cui

68 411 196 451 fucum
223 413 305 451 fieri
335 427 412 451 uon
442 415 577 466 patior,
610 415 649 452 in
684 414 804 451 omni-

68 470 260 520 buS,quos
282 482 351 518 ego
371 469 491 510 adhuc
513 469 688 516 viderim,
708 471 802 508 anti-

69 527 153 578 quis
173 525 294 573 libris,
317 540 386 579 pro
408 528 570 575 limmat,
590 525 674 573 esse,
693 526 799 565 lima·

68 582 138 629 bit,
155 597 233 621 vno
253 582 446 622 dumtaxat
467 594 633 636 excepto,
659 584 698 620 in
722 581 800 634 quo

66 641 130 686 est,
156 640 354 679 limixffuit.
385 654 463 692 quo
484 639 659 692 equidem
681 648 739 678 tot
758 637 801 677 li-

64 698 224 736 brorum
257 695 435 736 conscnsu
475 695 584 736 valde
618 709 802 734 moueor:

65 767 134 792 nec
164 766 268 806 puto.
299 754 323 790 {i
343 754 434 806 quid
461 751 661 792 obscurum
691 753 803 792 nobis

69 813 132 857 est,
155 821 218 849 aut
252 812 361 850 etiam
389 820 610 863 corruptum
638 808 803 857 videtur,

69 881 269 922 propterca
340 868 459 905 statim
513 866 803 919 repudiandum.

67 927 254 965 Limitam'
274 934 400 962 autem
427 922 474 964 de
500 923 664 963 alicuius
687 923 804 976 proli»

67 979 466 1026 xanatnm‚fortass'e
498 981 572 1027 est,
605 980 709 1034 quod
736 978 804 1020 ali-

69 1040 154 1090 quis
191 1035 339 1090 prolixe
374 1049 410 1076 et
443 1036 654 1076 liberaliter
681 1037 804 1077 facere

68 1093 319 1141 consueuerit,
347 1095 387 1133 id
408 1095 508 1146 quasi
537 1096 636 1133 intra
666 1093 805 1147 limites

65 1151 257 1197 reducere,
290 1165 385 1204 quos
416 1150 612 1201 largiendo
652 1152 807 1192 transire

67 1223 148 1248 nou
167 1207 287 1248 liceat.

129 1281 288 1331 Propter
299 1277 490 1333 quandam
507 1278 709 1330 tristitiam
717 1289 808 1319 tem-

63 1336 236 1392 porum]
277 1333 443 1381 Callide3
472 1350 519 1374 ne
540 1335 716 1375 videatur
745 1335 809 1383 sup

71 1394 204 1448 sponte
222 1393 268 1431 ab
290 1395 414 1444 Appio
447 1391 648 1432 dissentire.
691 1394 812 1434 Tem-

72 1457 223 1505 ptmun,
243 1451 387 1501 inquit,
417 1451 517 1488 ratio
543 1447 809 1489 liberalitatem

73 1507 227 1560 respuit,
250 1509 289 1544 in
310 1520 383 1558 qua
401 1505 553 1546 fortasse
575 1516 626 1553 te,
645 1508 669 1545 fi
690 1505 810 1546 soluta

73 1578 156 1604 mea
176 1562 351 1602 voluntas
383 1562 484 1607 esset,
511 1565 694 1604 imitarer.

128 1634 192 1675 Ad
200 1632 443 1691 largiendum
464 1648 514 1674 ex
532 1635 674 1689 alieno]
704 1637 814 1674 Acer·

72 1695 182 1733 bein
204 1693 379 1745 Appium,
409 1691 510 1743 quasi
540 1694 619 1730 eius
649 1691 814 1731 liberali-

76 1763 131 1789 tas
157 1763 199 1788 eff:
233 1749 359 1786 alieno
381 1746 519 1794 fuerit,
548 1749 715 1802 ideoque
739 1748 813 1789 late

74 1808 239 1861 patuerit
262 1807 300 1844 in
328 1807 537 1858 prouincia.
623 1807 630 1814 “

133 1878 286 1934 ,tar'lms
306 1877 377 1916 alii
397 1874 615 1928 mouentur]
664 1878 815 1929 Sapien-

77 1936 125 1975 tis
156 1936 258 1974 enim
297 1935 361 1980 est,
400 1946 532 1986 parcre
567 1934 816 1987 temporibus.

87 1991 203 2044 lib-4·
233 1992 324 2044 epist
358 2001 396 2043 9·

137 2047 321 2089 Acerbum
333 2044 435 2098 sihi]
473 2046 575 2094 Qiia
594 2044 818 2095 largitiones

83 2107 196 2159 Appii
217 2118 296 2143 non
318 2106 465 2142 imitor.

142 2178 194 2217 Vt
224 2175 297 2229 sim
331 2174 454 2214 dulcis
475 2172 583 2225 mihi]
641 2177 691 2212 Vt
715 2188 821 2213 meae

83 2233 187 2273 laudi
207 2230 410 2274 consulam.
449 2241 578 2282 aperta
611 2229 822 2277 translatio,

87 2291 284 2330 contrariis
324 2286 512 2341 expressa,
552 2298 592 2325 vt
621 2289 660 2325 in
688 2287 820 2330 Laelio

88 2358 199 2399 ⁰24·
257 2347 401 2387 Scitum
429 2344 477 2400 {³st
509 2343 610 2384 illud
644 2345 823 2392 Catonis,

88 2404 208 2444 multo
231 2402 363 2441 melius·
395 2399 443 2441 de
469 2400 693 2456 quibusdam
722 2415 824 2442 acer-

88 2461 149 2501 bos
171 2460 338 2498 inimicos
357 2459 506 2504 mereri,
530 2472 640 2512 quam
655 2472 712 2498 eos
730 2459 823 2498 mni-

90 2532 162 2564 c05,
183 2517 248 2571 qui
280 2514 406 2565 dulces
432 2512 651 2553 videamur.

149 2575 227 2612 Aut
247 2571 387 2624 oneris]
467 2570 630 2610 Fortasse
658 2585 705 2610 ne
733 2572 825 2624 quid

93 2632 129 2671 ei
148 2629 402 2673 maniaretur,
422 2628 444 2669 fi
475 2629 594 2665 Parthi
625 2630 663 2666 in
685 2630 825 2673 Syriam

93 2688 370 2739 irrumperent:
399 2683 502 2736 quod
526 2686 606 2737 post
630 2687 682 2723 M.
711 2686 827 2725 Crassi

93 2757 220 2789 necem
243 2742 453 2780 timebatur.

154 2802 238 2841 Aut
257 2799 454 2854 temporis]
491 2794 751 2853 Suspicabatur
768 2799 827 2841 fo.-

1520 146 1605 188 229

863 257 926 292 re,
955 243 1062 298 quod
1091 245 1249 294 accidit,
1282 255 1323 285 vt
1343 243 1523 285 successor
1564 247 1600 284 ei

861 315 940 339 non
953 304 1176 350 mitteretur,
1199 313 1357 357 propter
1375 300 1513 341 Gallias
1534 304 1603 341 im-

860 358 986 410 pedita
1007 361 1291 412 prouinciarum
1325 360 1496 398 omnium
1526 358 1602 397 suc-

860 414 1031 454 ceffionc.
1060 416 1193 468 quade
1214 431 1254 455 re
1275 415 1342 455 lib.
1358 423 1393 465 8.
1416 417 1517 469 epist.
1538 427 1598 456 ιο.

859 480 895 508 et
926 469 991 510 lib.
1011 484 1051 513 2.
1076 474 1179 525 epist.
1196 484 1259 513 10.

910 541 1184 596 Hortensium]
1268 546 1323 592 Q
1356 543 1598 582 Hortensium

856 610 1063 638 oratorem.

918 669 1103 724 Nostrum
1131 667 1344 724 collegam]
1402 667 1598 718 Collegam

860 729 974 780 Appii
1009 736 1045 765 et
1081 728 1276 766 Ciceronis
1313 727 1353 764 in
1391 739 1598 775 auguratu:

861 783 966 836 quod
985 782 1124 833 legitur
1141 785 1181 822 in
1205 785 1408 836 prooemio
1438 781 1531 823 libri
1552 783 1599 822 de

861 839 949 880 clar.
972 851 1068 880 orat.
1090 850 1127 880 et
1148 838 1329 892 Philip.2.
1351 854 1380 878 c.
1393 853 1432 882 2.

917 912 1184 962 Familiarem]
1222 912 1346 965 Appio
1368 909 1524 963 quidem
1546 911 1599 949 ita

861 967 1016 1016 studuit,
1035 979 1078 1008 vt
1099 983 1201 1014 eum,
1229 982 1250 1007 a
1278 966 1476 1007 Dolabella
1498 981 1603 1006 accu-

861 1024 996 1072 satum,
1015 1025 1246 1066 defenderet.
1273 1027 1314 1069 in
1337 1027 1456 1065 Bruto
1485 1039 1515 1064 c.
1533 1027 1602 1081 64.

862 1093 900 1122 et
920 1095 988 1140 94.

919 1154 1115 1210 Sententia
1132 1152 1252 1206 bima]
1299 1155 1349 1193 Vt
1382 1153 1607 1207 prouinciae
1624 1141 1628 1146 N

863 1225 933 1266 per
950 1211 1148 1250 biennium
1168 1212 1216 1252 ab
1237 1209 1371 1250 iisdem
1389 1211 1608 1249 obtineren-

865 1278 940 1308 tur.

923 1335 1132 1389 Amanum]
1163 1341 1272 1391 ‘Quo
1289 1340 1330 1376 in
1349 1347 1481 1377 monte
1510 1351 1608 1390 quae

867 1393 1028 1445 gesserit,
1048 1393 1186 1447 scripsit
1217 1396 1264 1434 ad
1284 1394 1460 1434 Coelium
1492 1394 1558 1434 lib.
1573 1406 1611 1436 2.

868 1449 1126 1563 ἷίῗίὶῖξοέζίεὲ
1147 1453 1332 1562 εὲρὶοίῑυε
1349 1451 1396 1491 ad
1418 1454 1608 1496 Catonem

920 1550 1213 1632 Memfim-estid]
1251 1577 1420 1632 Opidum
1441 1577 1614 1627 Ciliciae,

850 1664 853 1665 γ
869 1638 975 1675 cuius
992 1638 1035 1676 in
1055 1637 1243 1685 gymnasio
1263 1637 1388 1680 Syriae
1407 1651 1473 1676 rex
1485 1635 1610 1675 Seleu-

869 1708 956 1740 cuS,
985 1693 1102 1746 Grypi
1137 1691 1251 1739 filiuS,
1279 1693 1330 1732 ob
1374 1692 1615 1739 tyrannidem

871 1750 1141 1802 iniquiffimam
1183 1762 1204 1787 a
1242 1748 1389 1803 populo
1427 1760 1613 1796 crematuz

872 1808 935 1847 est.
964 1808 1157 1861 Appianus
1178 1808 1219 1850 in
1241 1807 1404 1856 Syriaco,

928 1877 1110 1919 Parthico
1128 1881 1287 1933 ornatu]
1326 1881 1416 1928 Quo
1435 1876 1519 1931 plus
1541 1887 1615 1917 ter-v

874 1936 974 1974 roris
994 1932 1194 1973 inferrent.
1223 1936 1376 1978 finitimi
1395 1936 1508 1980 Syriis
1522 1932 1625 1974 Ara·¹

870 1993 936 2037 bes
962 1989 1066 2033 sunt:
1094 1990 1182 2030 ideo
1207 1989 1329 2036 facilis
1359 1993 1526 2050 irruptio
1547 1993 1611 2034 est.

872 2047 937 2093 lib.
959 2055 995 2096 8.
1027 2049 1207 2101 epist.10.
1238 2044 1241 2047 ’

928 2119 1146 2170 Pompeium
1167 2118 1348 2170 nostrum]
1379 2122 1470 2168 Qo
1488 2117 1618 2160 absem

875 2186 912 2221 te
932 2177 1080 2214 infirma
1093 2174 1304 2228 respublica
1322 2171 1486 2217 videtur.
1508 2175 1617 2227 lib.5.

877 2232 924 2276 ad
943 2234 1053 2275 Attic,
1082 2234 1183 2285 epist.
1201 2244 1260 2274 11.
1295 2234 1492 2287 Pom-peius
1523 2231 1619 2273 mihi

878 2302 1020 2345 queque
1066 2287 1293 2338 videbatur,
1340 2290 1442 2344 quod
1474 2288 1620 2340 scribis·

883 2349 1096 2386 Varronem
1127 2344 1275 2393 dicere,
1320 2348 1358 2389 in
1388 2347 1619 2399 Hjſjianiam,

877 2414 981 2446 certe
1000 2404 1137 2442 iturus.
1166 2400 1211 2441 id
1223 2416 1288 2458 ego
1305 2405 1459 2445 minime
1483 2401 1620 2454 proba-

879 2459 989 2508 bam,-
1016 2461 1081 2513 qui
1099 2457 1247 2514 quidem
1267 2459 1481 2512 Theophani
1494 2459 1622 2512 fiac-ile

877 2514 1062 2571 perfulgsi,
1096 2515 1194 2554 nihil
1228 2512 1289 2569 effe
1318 2518 1475 2565 melius,
1505 2529 1620 2572 quam

882 2585 1066 2627 nusquam
1095 2571 1203 2611 illum
1223 2570 1422 2622 dg'scedere,
1481 2575 1621 2612 Reuer-

883 2628 942 2667 sus
962 2637 1087 2667 tamen
1114 2642 1134 2667 e
1155 2631 1367 2682 prouincia,
1396 2640 1438 2669 vt
1467 2640 1619 2669 conten-

884 2687 1009 2727 tiones
1041 2687 1142 2724 inter
1173 2684 1369 2725 Caesarem
1392 2698 1428 2726 et
1464 2688 1620 2738 Pompe-

881 2744 961 2780 ium
983 2740 1210 2792 sedarentur,
1242 2743 1395 2791 censuit,
1428 2753 1468 2782 vt
1492 2743 1532 2780 in
1554 2744 1622 2780 Hi-

881 2797 1047 2852 spaniam
1093 2800 1184 2841 iret:
1222 2798 1268 2838 de
1302 2814 1380 2857 quo
1420 2801 1466 2839 sic
1500 2798 1563 2838 lib.
1578 2802 1617 2843 6.
1655 2801 1658 2804 ”

903 2855 906 2856 ’
937 2858 962 2897 Ρ
992 2869 1014 2911 3
1457 2857 1558 2909 epist.
1581 2858 1620 2903 6,
