1863 3172
286 77 354 117 IN
384 68 498 115 Cic.
528 74 721 114 EPIST.
759 58 897 114 PAM'.
929 74 1038 114 LIB.
1059 74 1128 113 111.
1167 72 1359 113 EPIST.
1378 73 1481 112 XIII.

92 188 315 246 perstripsit
324 204 338 227 .·
346 186 408 228 vel
428 188 701 238 interrogando
713 205 724 234 3
734 188 839 242 quod

99 248 206 288 fecit:
227 249 314 300 quia
334 244 470 285 modus
488 246 548 284 hic
567 246 754 285 efficacior
774 247 838 294 est,

100 319 212 358 quam
234 301 373 356 reliqui
395 303 485 349 duo,
506 314 542 342 et
569 303 616 342 ad
635 304 838 353 fignifican-

100 362 191 400 dum
215 358 318 399 valet
340 359 561 414 plurimum.

156 416 400 457 Anam-itane
414 415 626 472 orationis]
656 419 765 465 Qae
782 430 838 455 ce-

97 484 202 514 teros
248 488 492 513 commouere
541 476 678 527 potuit.
731 475 837 512 cuius

99 533 201 571 enim
231 533 308 570 vita
339 532 538 584 probatur,
565 531 670 569 cuius
697 531 737 568 in
763 531 839 583 pri-

98 590 195 629 vatis
214 587 451 642 publicisque
474 589 621 636 cognita
638 588 760 626 virtus
774 588 837 634 est,

99 647 181 686 eius
245 644 419 699 exemplo
471 642 581 683 facile
648 643 839 683 ducuntur

100 717 245 743 omnes.

156 771 376 828 Sententia]
405 775 490 821 Qia
501 772 682 812 Ciceroni
702 770 841 828 suppli-

98 833 284 870 cationem
319 830 500 869 decreuit.

154 888 321 927 Domum
344 885 553 941 veniendo]
582 885 639 925 Ad
654 887 843 938 magistra-

99 953 172 992 tus,
193 955 235 984 vt
263 958 328 983 eos
362 943 408 982 de
434 943 710 997 supplicatione
736 939 841 983 Cice-

98 1003 204 1041 ronis
235 1011 398 1049 rogaret.
435 999 502 1040 lib.
519 1013 551 1041 1.
573 1002 675 1055 epist.
691 1008 728 1050 3.
759 1000 841 1040 No-

82 1059 217 1116 strum
239 1058 419 1112 studium
449 1057 612 1110 exstabit
639 1060 682 1098 in
711 1071 843 1098 conue-

98 1116 250 1156 m‘endis
291 1115 579 1172 magssrntibus
622 1126 660 1155 et
686 1115 843 1169 senato·

96 1173 218 1214 ribus.

156 1230 324 1270 Nullum
355 1244 492 1269 munus
518 1226 632 1279 officii
665 1227 844 1282 cuiquam

96 1288 286 1342 reliquum
300 1285 451 1341 fccq'ffi’]
522 1282 633 1324 Nihil
660 1285 839 1336 cuiquam

95 1343 312 1384 faciendum
335 1341 540 1396 reliquisse,
572 1339 685 1394 plane
707 1341 839 1382 omnia

94 1400 219 1442 feciffe
241 1414 324 1440 mea
347 1398 479 1440 caussa.
677 1407 688 1421 ‘¹

154 1475 260 1513 Haec
279 1472 371 1512 mihi
383 1471 572 1524 ampliora
586 1468 708 1509 multo
712 1465 840 1523 sunt]

95 1532 209 1585 Appii
230 1543 399 1568 amorem
419 1526 702 1581 supplicationi,
722 1536 838 1578 atque

96 1589 194 1627 adeo
218 1587 331 1626 rebus
368 1586 562 1632 omnibus,
595 1597 693 1636 quae
720 1584 838 1636 profi-

97 1644 181 1684 cisci
203 1645 249 1683 ab
278 1657 409 1682 amore
438 1641 589 1695 possint,
624 1641 836 1693 anteponit.

96 1716 175 1742 non
193 1703 294 1740 enim
314 1714 424 1739 amor
443 1700 494 1738 ob
516 1696 742 1743 vtilitatem,
773 1695 834 1738 sed

94 1757 237 1800 vtilitas
263 1759 313 1797 ob
341 1770 511 1795 amorem
539 1753 779 1794 aestimanda.

97 1851 99 1853 ·
151 1830 285 1886 Qta'm
307 1828 382 1868 illa
405 1824 514 1882 ipsa]
559 1823 728 1865 Similem
757 1823 835 1863 sen·

95 1891 252 1928 tentiam
280 1884 477 1938 vsurpauit
511 1885 552 1922 in
582 1897 625 1922 re
657 1880 834 1928 diffimili,

95 1944 162 1984 lib.
184 1956 219 1985 1.
255 1942 302 1981 de
322 1945 410 1991 Leg.
429 1955 459 1979 c.
474 1951 538 1982 10.
619 1940 717 1980 Sunt
743 1938 834 1979 haec

94 2003 266 2049 maiora,
291 2013 407 2054 quom
433 1996 516 2050 ipsa
547 1997 646 2046 illa,
671 2008 832 2053 quorum

93 2059 182 2100 haec
200 2055 322 2111 catffa
339 2065 638 2108 praeparantur.

149 2129 418 2178 Labor-antur]
455 2127 554 2164 Cum
573 2123 706 2163 labore
724 2124 831 2162 fiunt.

96 2185 191 2227 Vsus
220 2186 270 2226 est
292 2184 426 2223 eodem
453 2182 573 2221 verbo
599 2180 724 2220 nescio
751 2194 830 2232 quo

97 2243 222 2291 libro,
253 2255 296 2281 ex
337 2254 414 2293 quo
455 2240 671 2278 Lac'iantius
706 2236 770 2276 lib.
789 2248 829 2290 7.

95 2316 125 2340 c.
145 2311 202 2340 11.
231 2299 321 2337 haec
341 2298 493 2336 recitat:
524 2295 643 2334 Nihil
653 2292 840 2351 estquod

89 2357 144 2411 fit
179 2354 355 2395 manibus
387 2353 562 2400 humanis
597 2353 830 2397 laboratum,

97 2414 199 2470 quod
218 2426 290 2451 non
310 2409 518 2465 aliquando
546 2406 601 2448 ad
632 2410 832 2447 interitum

95 2469 312 2525 redigatur.
367 2466 585 2512 Elabormi,
604 2464 698 2504 dixit
719 2463 833 2517 lib-9.

97 2528 199 2581 epist.
225 2527 287 2565 16.
724 2572 728 2575 μ

155 2581 324 2637 Instgnia
347 2577 532 2634 virtutis]
561 2582 753 2618 Honores.

155 2640 243 2679 Sola
265 2635 417 2691 virtus]
454 2638 739 2675 Testimonium
758 2637 832 2676 vir·

100 2699 189 2737 tutis
206 2695 298 2734 mihi
321 2695 399 2739 das,
412 2707 493 2731 cum
505 2693 595 2731 haec
615 2707 697 2731 mea
712 2692 832 2732 caussa

93 2754 198 2800 facis.
228 2765 341 2806 quam
385 2763 454 2798 ego
498 2748 647 2789 laudem
698 2749 832 2804 pluris,

499 2815 515 2838 l

1547 84 1631 125 247

897 201 1012 241 quam
1037 185 1102 227 illa
1121 186 1212 241 ipsa,
1240 189 1279 226 in
1308 188 1446 240 quibus
1476 200 1633 240 opernm

896 259 938 284 ac
961 243 1124 284 studium
1143 246 1267 298 ponis,
1288 243 1410 284 debeo
1426 245 1634 283 aestimare.

952 302 1059 342 Mihi
1072 315 1238 355 propono
1249 300 1422 354 frttflum
1440 302 1636 341 amicitiae

895 358 1060 413 nostrae,
1097 359 1216 411 ipfitm
1255 360 1490 411 amicitiam]
1544 355 1635 403 ‚Alii

895 413 1064 454 frucium
1082 415 1148 453 fibi
1177 416 1402 468 proponunt
1433 416 1636 461 amicitiae,

896 472 1077 518 honores,
1107 472 1320 521 commoda,
1350 472 1495 525 aliquid
1515 472 1636 511 omni-

897 542 970 567 no:
998 541 1082 578 ego,
1099 540 1251 581 practer
1281 528 1397 582 ipsam
1416 530 1636 575 amicitiam,

897 582 994 624 nihil
1023 585 1172 639 specio:
1218 588 1258 624 in
1294 599 1347 624 ea.
1383 587 1478 624 mihi
1516 587 1638 625 statuo

898 650 1030 682 omnes
1051 642 1209 682 suffixus.
1241 644 1376 696 quanti
1406 645 1507 682 enim
1537 641 1639 694 apud

897 712 960 740 me
977 698 1049 740 effe
1068 699 1194 747 debet,
1213 699 1316 752 quod
1348 710 1389 740 tu
1406 714 1467 739 me
1492 698 1639 748 diligas,

898 771 985 797 cum
1019 755 1152 797 talium
1187 759 1361 796 virorum
1395 766 1498 797 tanta
1519 756 1639 794 studia

897 813 1041 868 assequi
1073 813 1150 854 sola
1177 816 1299 855 virtus
1333 815 1466 868 possit3
1512 811 1640 852 Simile

896 870 994 911 illud
1042 872 1082 910 in
1103 870 1235 912 Laelio
1266 887 1296 912 c.
1316 884 1353 926 9.
1399 871 1642 916 Amicitiam,

899 929 1049 982 nonspe
1069 927 1254 969 mercedis
1274 925 1525 980 adduai‚fid
1541 925 1644 983 quod

843 994 850 999 “
878 988 1018 1027 Λονηιιὲι·
1045 988 1124 1025 eius
1143 985 1305 1039 fruHus
1329 989 1371 1026 in
1406 987 1482 1039 ipso
1515 997 1642 1024 amore

895 1042 1003 1098 inqst,
1021 1043 1263 1096 expetendam
1287 1049 1481 1098 putamus.

955 1115 1050 1170 Qus
1070 1113 1168 1154 nihil
1183 1113 1235 1168 est
1255 1111 1433 1170 vberius]
1473 1114 1552 1153 Cur
1570 1126 1640 1162 ego

899 1168 995 1210 alios
1009 1171 1104 1217 mihi
1117 1170 1263 1211 fruetus
1281 1173 1469 1210 amicitiae
1489 1171 1640 1210 nostrae

899 1241 1130 1282 proponam,
1154 1242 1237 1268 cum
1260 1243 1384 1282 neque
1400 1228 1567 1269 faselum
1586 1225 1641 1266 vl-

894 1283 975 1325 lum
1006 1301 1090 1325 cum
1130 1284 1209 1339 ipsa
1227 1318 1231 1325 ,
1247 1287 1413 1326 amicitia
1444 1283 1639 1325 conferen-

895 1341 1009 1390 dum,
1037 1357 1161 1395 neque
1190 1353 1316 1382 tamen
1355 1357 1398 1383 ea
1430 1341 1640 1396 quidquam

894 1400 1064 1447 vberius,
1076 1410 1141 1440 aut
1161 1399 1388 1440 fruc‘iuofius
1409 1400 1641 1440 existimem?

952 1470 1116 1522 Studiis]
1142 1473 1384 1511 Litterarum.
1408 1484 1544 1520 magna
1565 1468 1639 1509 effe

894 1529 1017 1582 potest
1035 1529 1077 1567 in
1099 1529 1278 1568 omnibus
1305 1529 1442 1576 rebus,
1473 1529 1638 1567 maxima

894 1586 1051 1625 veroin
1077 1587 1343 1626 communibus
1373 1585 1503 1625 studiis
1526 1585 1640 1624 vber-

894 1651 950 1681 tas
967 1643 1154 1682 amicitiae
1173 1644 1332 1682 nostrae.
1363 1644 1503 1682 Tacite
1515 1642 1636 1681 osten-

893 1699 949 1738 dit
969 1701 1118 1747 Cicero,
1152 1702 1285 1752 quanti
1312 1699 1444 1739 fecerit
1475 1713 1562 1738 eum
1592 1696 1637 1736 li·

890 1757 1017 1803 brum,
1033 1770 1148 1808 quein
1181 1756 1227 1795 de
1254 1759 1339 1796 iure
1367 1754 1540 1806 augurali
1560 1758 1633 1808 Ap-

891 1815 977 1867 pius
995 1813 1041 1852 ad
1064 1827 1150 1852 eum
1179 1812 1392 1867 scripserat:
1431 1813 1547 1866 idque
1565 1813 1634 1851 sibi

890 1884 1003 1909 curae
1026 1870 1112 1917 effe,
1138 1880 1181 1910 vt
1208 1870 1319 1910 fimili
1351 1884 1439 1910 eum
1472 1883 1632 1910 munere

889 1936 1167 1968 remuneretur.
1194 1930 1294 1981 epist.
1313 1941 1352 1982 4.
1381 1938 1418 1967 et
1434 1937 1473 1979 9.

944 1996 1162 2039 Deuinflus
1178 1996 1250 2054 est]
1278 1997 1415 2038 Eadem
1433 1997 1628 2050 metapho-

888 2064 939 2095 ra'
959 2053 1045 2094 vsus
1065 2056 1116 2094 est
1143 2057 1245 2109 epist.
1274 2068 1333 2098 10.
1381 2054 1533 2112 Quid?
1552 2054 1626 2092 illa

887 2113 1059 2159 vincula,
1089 2112 1224 2167 ciuibus
1248 2111 1395 2169 quidem
1435 2108 1628 2160 libenttffi'·

888 2184 947 2208 me
968 2167 1198 2225 adstringor,
1221 2179 1368 2224 quantu
1390 2167 1516 2223 fimt?
1536 2166 1626 2222 stu-

887 2224 1276 2277 dzorumstmilitudo,
1296 2237 1369 2269 etc.-

943 2297 998 2335 Iis
1019 2294 1191 2350 artibus]
1220 2299 1389 2335 Gratiam
1405 2296 1476 2334 init
1490 2294 1537 2333 ab
1551 2296 1624 2346 Ap-

886 2353 953 2406 pio
993 2352 1172 2405 promissa
1207 2353 1416 2392 studiorum
1466 2353 1624 2390 coniun-

889 2411 1035 2448 &ionet
1076 2409 1181 2461 quod
1218 2420 1256 2449 et
1285 2408 1621 2449 eius<doecrinam

888 2468 1015 2514 magni
1042 2464 1176 2513 facere,
1204 2478 1240 2506 et
1257 2468 1302 2506 ad
1333 2469 1412 2506 eius
1434 2467 1622 2504 honorem

889 2520 930 2561 ac
952 2521 1218 2563 laudein.velle
1237 2524 1300 2563 sua
1321 2523 1439 2563 studia
1475 2520 1621 2560 confer-

887 2593 929 2618 re
951 2578 1135 2619 videatur.

943 2637 1077 2675 Omnes
1097 2635 1207 2691 titos]
1256 2635 1401 2675 Callicle
1429 2637 1502 2676 hoc
1530 2635 1622 2672 inie-

888 2692 949 2731 cit.
995 2707 1073 2732 non
1116 2696 1217 2732 cuim
1247 2694 1285 2732 id
1314 2693 1434 2733 solum
1470 2690 1623 2737 indicat,

888 2763 1000 2802 quam
1021 2751 1152 2803 inique
1170 2750 1265 2790 ferat
1284 2753 1449 2804 Appium
1472 2764 1493 2788 a
1509 2746 1626 2787 Dola·

941 2809 993 2853 Q
1008 2818 1033 2858 4
1526 2804 1626 2845 bella
