1863 3172
230 141 233 147 .
253 109 300 147 3-8

246 208 314 261 qui
332 205 502 248 consules
524 221 603 247 non
632 205 795 248 fuerant.
875 208 920 246 Et
937 208 979 247 in

247 264 437 319 lapidibus
457 264 681 319 Capitolinis
699 279 802 304 anno
813 265 978 304 DCLIV.

243 324 464 362 nominatur
483 325 524 362 L.
545 320 742 362 Dolabella
762 320 980 376 proconsul,

245 377 441 419 consulatu
458 378 628 419 nondum
650 381 765 429 gesto.
841 380 981 431 Neque

242 435 380 486 solum,
401 438 469 488 qui
487 437 568 490 post
585 447 801 490 praeturam
832 436 912 476 ibat
939 437 979 475 in

243 495 483 548 prouinciam
495 522 506 539 ,
526 493 724 547 proconfid
751 493 958 533 vocabatur
967 506 980 543 ς

242 549 307 590 scd
334 559 491 598 contra,
524 551 592 603 qui
621 551 704 602 post
731 547 980 596 consulatum,

236 617 408 662 praetor.
452 610 585 660 Itaque
622 608 759 646 Cicero
785 605 832 645 ad
862 604 979 645 Sallu-

240 665 353 705 stium
380 662 446 704 lib.
470 677 507 705 2.
539 664 643 716 epist.
665 675 726 714 17.
761 673 980 717 praetorem

238 719 407 774 appellat
425 718 618 766 Bibulum,
638 721 721 773 post
742 718 978 773 consulatum

237 779 384 823 Syriam
401 776 734 816 administrantem.
791 778 835 816 Et
861 775 928 817 lib.
940 787 976 828 ς.

237 833 288 874 nd
309 835 419 874 Attic.
450 835 553 887 epist.
580 831 646 873 vlt.
682 831 787 889 quod
803 834 980 886 praetori

237 889 336 933 dare
356 887 604 945 consuessent:
631 903 717 943 pro,
736 888 978 943 proconsuli:

239 949 330 1001 quia
365 946 442 986 duo
478 945 735 1000 proconsuleS,
778 945 978 993 Lentulus,

238 1016 277 1044 et
312 1006 471 1058 Appius,
503 1013 589 1043 ante
616 1005 856 1052 Ciceronem,
885 1002 977 1042 Cili-

236 1062 346 1110 ciam,
362 1062 608 1117 Cyprumque
628 1071 815 1099 rexerant.
872 1062 918 1100 Et
938 1062 975 1098 P.

234 1115 425 1172 Rupilius,
450 1119 518 1170 qui
539 1115 668 1156 consul
695 1115 834 1163 fuerat,
867 1130 977 1170 prae-

235 1184 300 1215 tor
318 1174 457 1214 dicitur
473 1177 513 1213 in
531 1175 702 1214 Verrinis
721 1175 976 1221 orationibus,

235 1230 353 1274 lib.2.
373 1245 402 1271 c.
420 1235 484 1275 16.
520 1241 557 1270 ct
575 1229 640 1270 lib.
658 1243 693 1284 3.
721 1245 751 1269 c.
774 1241 839 1283 54.
868 1240 906 1269 et
930 1232 974 1270 C.

241 1288 384 1337 Caesar,
411 1302 494 1327 cum
525 1287 664 1327 Gallias
692 1289 776 1340 post
808 1286 977 1327 consula-

240 1356 319 1386 tum
338 1345 627 1385 administraret.
682 1357 898 1397 praetorem
925 1354 976 1388 ot-

237 1404 326 1451 iam,
345 1417 430 1442 cum
454 1404 494 1441 in
517 1402 717 1455 prouincia
745 1400 873 1441 consul
895 1401 975 1442 bel-

235 1458 316 1499 lum
336 1470 495 1510 gereret,
514 1459 791 1512 P..Scipionem
808 1471 831 1497 a
857 1459 973 1498 Liuio

235 1515 303 1556 lib.
319 1530 380 1570 35.
404 1530 432 1555 c.
447 1527 481 1556 1.
511 1514 694 1569 appellari
721 1514 848 1555 video.
908 1517 974 1555 Pe·

237 1572 371 1613 dianus
400 1584 539 1620 autern,
567 1587 653 1611 cum
690 1571 736 1611 de
768 1575 822 1622 Q
840 1574 971 1612 Mucio

237 1628 439 1678 Scaeuola,
476 1630 596 1668 Asiam
623 1630 707 1683 post
736 1627 971 1669 consulatum

236 1698 402 1738 regente,
424 1686 660 1739 loqueretur,
673 1695 888 1739 praetorem
905 1700 973 1726 vo-

236 1747 346 1785 cauit.
404 1742 597 1796 Quodque
627 1746 812 1782 miremur
840 1744 972 1793 magis,

236 1801 460 1857 quaestores,
480 1814 500 1838 a
524 1799 792 1839 decedentibus
809 1814 972 1853 procon-

236 1858 375 1897 sulibus
387 1858 607 1911 prouinciae
624 1856 846 1911 praefectos,
856 1858 973 1896 anim-

237 1916 384 1954 aduerti
411 1914 643 1967 proconsules
673 1913 867 1953 interdum
904 1928 971 1952 no·

235 1973 386 2017 minari,
407 1981 448 2010 vt
467 1969 678 2009 Sallustium
712 1969 778 2010 lib.
799 1983 838 2013 2.
866 1972 969 2024 epist.

237 2038 300 2080 17.
320 2039 357 2068 et
377 2029 543 2067 Sextium
559 2026 672 2077 lib.5.
700 2028 851 2080 epist.6.
865 2027 969 2080 quod

237 2083 478 2139 epistolarum
509 2083 794 2138 inscriptiones,
832 2086 970 2123 veteri-

234 2143 305 2183 bus
323 2144 364 2181 in
386 2141 492 2180 libris
514 2155 534 2180 a
552 2156 611 2180 me
634 2140 837 2191 diligenter
849 2140 969 2194 inspe-

236 2201 329 2247 elac,
351 2199 567 2248 significant.
622 2212 708 2236 nam
738 2199 786 2245 fi,
806 2212 968 2252 procon-

234 2254 355 2296 sulum
366 2254 465 2302 loco,
480 2257 699 2308 prouinciae
712 2268 838 2294 curam
857 2253 971 2294 susce-

235 2322 394 2367 perunt3
411 2312 583 2350 consents
591 2326 702 2351 neum
719 2311 885 2359 videtur,
913 2325 970 2350 ea-

235 2369 320 2409 dem
340 2383 404 2408 eos
426 2370 616 2421 potestate,
641 2367 776 2407 eodem
806 2370 970 2421 imperio

233 2424 352 2465 fuilse.
408 2425 569 2477 alioqui,
596 2428 619 2465 si
653 2424 794 2464 bellum
812 2424 973 2477 aliquod

233 2485 459 2529 exoriretur,
496 2496 576 2521 rem
607 2481 810 2521 militarem
838 2495 970 2532 gerere

233 2541 301 2592 qui
320 2538 500 2577 licuisset?
544 2541 670 2591 itaque
699 2541 824 2592 primo
865 2552 968 2577 anno

233 2597 471 2649 quaestoreS,
508 2595 691 2643 secundo,
721 2606 757 2634 et
778 2596 913 2643 tertio,
941 2596 967 2634 fi

231 2650 500 2707 proconsulum
522 2651 606 2691 loeo
629 2653 848 2705 prouinciae
860 2665 965 2705 prae·

232 2708 362 2755 essent,
380 2711 681 2761 proquaestoreS.
706 2718 742 2748 et
761 2707 965 2756 interdum,

232 2766 285 2806 ob
322 2767 523 2818 imperium
550 2767 590 2804 in
628 2779 692 2804 eos
731 2763 964 2813 translatum,

397 88 401 89 ’
465 94 690 137 rAvLm
715 85 1014 135 ΜΛΝντη
1045 63 1565 137 οοΜΜεΝΊ-Αιιῐνε

1035 205 1280 262 proconsules
1309 206 1555 254 dicebantur,
1582 201 1777 246 interdum

1035 267 1150 305 etiam
1183 275 1466 318 propraetores.
1522 277 1613 303 nam
1659 259 1776 301 Sallu-

1036 323 1127 362 stius
1147 323 1187 360 in
1207 321 1436 371 Iugurthino
1457 335 1487 360 c.
1503 332 1574 376 41.
1605 321 1649 360 A.
1671 317 1775 358 Albi-

1037 393 1130 418 num
1148 391 1170 416 a
1187 378 1325 431 Spurio
1347 377 1464 418 fratre
1493 375 1669 423 consule,
1701 378 1774 414 Ro-

1035 450 1150 483 mam,
1170 436 1415 482 comitiorum
1444 432 1578 481 caussa,
1596 431 1778 472 deceden-

1036 504 1087 541 te,
1109 502 1398 546 propraetorem
1417 490 1593 541 relietum
1622 489 1778 529 demon·

1035 552 1138 590 strat.
1166 552 1329 602 Accepto
1338 546 1455 598 igitur
1464 548 1643 602 imperio,
1657 544 1780 599 quod,

1035 606 1205 647 hostibus
1224 607 1466 660 p1·opinqui5‚
1495 606 1596 645 ratio
1628 612 1775 658 tempo·

1036 665 1089 704 ris
1119 663 1314 713 exigebat,
1358 672 1394 703 et
1418 660 1706 715 procotffulum,
1735 666 1776 700 et

1029 730 1323 775 propraetorum
1354 721 1511 759 nomina
1560 716 1773 774 quaestores·

1032 775 1278 816 assumebant.
1349 774 1616 816 Proconsulem
1643 782 1773 814 autem

1031 847 1101 888 per
1122 834 1329 872 triennium
1360 831 1468 873 fuiffe
1497 830 1701 874 Lentulum
1728 832 1774 870 in

1032 889 1180 938 Cilicia,
1201 900 1237 929 et
1255 891 1346 929 haec
1364 891 1486 944 prima
1504 887 1671 943 epistola,
1686 886 1776 927 scri·

1031 957 1097 1002 pta
1113 945 1337 987 Marcellino
1359 959 1396 987 et
1417 945 1592 1000 Philippo
1620 943 1707 985 cofl'.
1731 953 1773 985 et

1031 1017 1148 1050 nona,
1172 1004 1297 1058 Appio
1332 1014 1368 1043 et
1389 1005 1585 1051 Domitio,
1613 1002 1773 1041 demon·

1030 1063 1159 1100 strant.
1234 1061 1317 1114 post
1342 1062 1550 1100 triennium
1574 1057 1774 1106 deccssisse,

1033 1116 1272 1167 cognoscitur
1291 1132 1335 1157 ex
1356 1132 1414 1165 eo,
1435 1117 1545 1171 quod*
1569 1117 1713 1171 Appius
1732 1117 1769 1155 ei

1033 1177 1156 1214 statim
1203 1175 1286 1228 post
1324 1173 1559 1214 consulatum
1594 1172 1770 1216 succeffit.

1030 1233 1202 1272 Omnino
1233 1230 1314 1281 lege
1346 1232 1569 1286 Sempronia
1594 1233 1636 1270 C.
1657 1232 1771 1271 Grae·

1031 1289 1104 1337 chi,
1126 1298 1164 1328 et
1182 1286 1362 1328 Cornelia
1379 1291 1423 1328 L.
1443 1285 1580 1337 Sullae,
1610 1289 1786 1342 prouin-.

1031 1347 1108 1385 ciae
1148 1356 1256 1385 erant
1287 1359 1455 1385 annuae:
1494 1355 1619 1385 tamen
1649 1345 1766 1384 inter-

1030 1403 1120 1442 dum
1150 1404 1431 1456 prorogabatur
1469 1403 1695 1456 imperium,
1723 1410 1766 1440 vt

1027 1458 1207 1507 Lentulo,
1251 1461 1313 1499 cui
1341 1457 1502 1500 suceeffit
1536 1460 1703 1513 AppiuS,
1728 1466 1767 1498 et

1028 1518 1168 1571 Appio,
1201 1518 1261 1556 cui
1280 1518 1440 1563 Ciecro3
1485 1526 1680 1571 praeterea
1713 1517 1770 1565 Q

1027 1574 1229 1622 Ciceroni,
1259 1588 1344 1613 cum
1374 1574 1477 1613 Asiae
1501 1571 1696 1627 praeesset,
1721 1573 1766 1612 C.

1026 1632 1219 1678 Antonio,
1247 1629 1495 1671 Macedoniae
1531 1627 1767 1685 proconsuli,

1025 1690 1070 1728 C.
1102 1685 1262 1733 Caesari,
1305 1685 1444 1729 Gallias
1476 1686 1768 1735 administranti,

1026 1745 1074 1784 de
1093 1758 1171 1797 quo
1185 1745 1288 1798 epist.
1297 1755 1336 1798 7.
1364 1743 1659 1801 Etstipendium
1671 1744 1767 1784 Cae·

1026 1802 1109 1849 fari
1133 1799 1328 1842 decretum
1344 1801 1409 1857 est‚'
1425 1812 1465 1841 et
1480 1800 1608 1842 decem
1624 1800 1740 1858 legati⁸
1749 1814 1765 1838 .-

1027 1870 1079 1905 et,
1099 1872 1146 1898 ne
1154 1859 1234 1913 lege
1245 1858 1464 1911 Sempronia
1475 1856 1764 1912 succederetur,

1019 1915 1143 1967 facile
1168 1914 1381 1967 peaefeflum
1418 1915 1482 1971 est.
1562 1915 1764 1953 Prouincia

1026 1970 1181 2012 Lentuli
1196 1970 1330 2011 Cilicia
1350 1974 1400 2012 est
1411 1969 1617 2026 appellata:
1634 1985 1764 2024 quam-

1026 2042 1141 2082 quam
1160 2030 1263 2067 Asiae
1275 2043 1429 2083 quoque
1447 2030 1546 2083 parti
1558 2026 1761 2082 praeesset:

1024 2096 1066 2125 vt
1086 2085 1249 2125 ostendit
1267 2088 1370 2140 epist.
1384 2099 1420 2141 9.
1448 2100 1517 2126 nec
1549 2099 1642 2125 vero
1671 2083 1764 2125 Cili·

1024 2145 1120 2182 ciam
1181 2141 1465 2183 administrabat
1522 2141 1761 2182 vniuersam:

1024 2198 1128 2252 quod
1151 2196 1217 2239 lib.
1236 2212 1300 2254 15.
1318 2202 1420 2254 epist.
1437 2212 1471 2242 1.
1492 2198 1655 2239 declarat
1673 2215 1680 2237 :
1710 2209 1762 2246 et,

1024 2257 1065 2295 in
1090 2255 1244 2295 Ciliciae
1255 2267 1375 2311 parte,
1393 2270 1521 2307 regem
1538 2255 1647 2296 fuisse
1658 2258 1761 2295 Tar·

1026 2312 1301 2361 condimotum,
1320 2315 1394 2353 Dio
1416 2313 1554 2365 lib.41.
1577 2322 1615 2353 et
1638 2324 1703 2366 54.
1722 2321 1762 2352 et

1025 2370 1160 2409 Strabo
1178 2369 1244 2411 lib.
1268 2382 1332 2424 14.
1351 2371 1540 2420 fignificat.

1079 2427 1159 2481 Ego
1184 2429 1284 2466 omni
1305 2426 1435 2481 ffcio,
1460 2443 1504 2466 ac
1528 2427 1655 2479 potius
1681 2425 1761 2478 pie·

1024 2485 1126 2533 tate]
1177 2482 1424 2537 Epistolarum
1456 2485 1627 2523 omnium
1661 2495 1761 2534 quae

1023 2541 1180 2579 materia
1203 2542 1257 2587 sit,
1277 2554 1450 2594 quaeque
1469 2555 1539 2579 nos
1559 2540 1762 2578 hortentur

1025 2595 1154 2651 saepe,
1181 2597 1373 2637 interdum
1406 2600 1521 2637 etiam
1561 2593 1759 2649 impellant

1022 2652 1069 2691 ad
1089 2652 1324 2693 scribendum
1359 2654 1515 2702 caussae,
1547 2653 1613 2691 diu
1636 2652 1758 2705 saepe,

1022 2722 1064 2748 ac
1104 2721 1315 2764 perattente
1378 2712 1555 2761 cogitaui.
1636 2720 1758 2750 artem

1022 2769 1123 2807 enim
1159 2769 1259 2822 quasi
1291 2769 1499 2825 quandam,
1527 2780 1623 2821 quae
1654 2768 1758 2807 viam

1709 2821 1758 2862 ad
