1863 3172
284 54 353 94 IN
383 53 497 94 CIC.
528 51 722 92 EPIST.
751 50 887 90 FAM.
912 50 1026 90 LIB.
1051 50 1081 90 1.
1111 47 1301 90 EPIST.
1326 48 1391 89 1x.

64 168 108 208 in
136 166 296 222 patriam
328 181 413 206 cum
450 164 617 206 Lentulo
651 161 804 202 consule

64 223 289 270 reduxerat,
320 222 380 263 sed
419 222 572 262 fortasse
619 222 731 260 etiam
764 221 804 257 in

63 281 186 335 ipsun·
211 283 420 329 Qtiutum3
463 294 576 332 quem
597 277 704 318 fuisse
723 287 804 315 tum

65 338 179 390 iplius
200 339 370 390 Pompeii
391 335 555 387 legatum
573 338 614 375 in
635 332 805 374 Sardinia

65 393 306 448 suspicamur.

123 464 188 504 De
207 465 304 505 allis
323 465 516 517 Caefizris]
546 468 595 504 Vt
613 476 671 510 ea,
707 473 806 515 quae

66 520 199 561 consul
229 522 379 571 Caesar,
408 520 640 567 aduersante,
690 533 732 557 ac
761 517 807 556 de

65 577 174 618 caelo
200 578 371 619 seruante
391 577 530 626 collega
554 574 702 622 Bibulo,
727 588 809 624 ege-

65 645 139 683 rat,
177 638 374 676 Ciceronis
421 635 581 675 restituti
625 632 808 672 sententia

66 694 396 733 confirmarentur.
436 690 541 744 quod
580 704 664 729 cum
702 691 808 728 Pom-

64 751 156 804 peio
168 753 334 800 Quintus
356 746 590 802 promisisset,
603 761 681 786 non
703 760 807 800 prae-

68 807 165 846 stare
194 807 306 846 tidem
335 808 415 844 eius
444 807 592 844 Marcus
622 804 739 843 frater
767 805 807 841 in

67 877 112 902 ea
134 859 317 904 sententia
349 862 395 902 de
415 875 505 912 agro
528 863 725 914 Campano
754 863 808 899 vi-

65 919 127 960 sus
150 921 210 959 est.
291 919 428 962 Eadem
458 918 577 958 caussa
612 917 808 957 Caesarem

65 975 238 1024 adduxit,
259 987 300 1017 vt
319 978 405 1016 eiici
435 990 454 1015 a
483 975 621 1015 Clodio
656 977 809 1015 Cicero-

65 1047 154 1073 nem
177 1044 382 1088 pateretur.
410 1032 455 1072 de
476 1046 554 1086 quo
575 1035 619 1073 lic
642 1033 682 1071 in
713 1041 809 1072 orat.

67 1105 143 1146 pro
165 1093 292 1131 Sextio
325 1105 354 1130 c.
373 1097 434 1139 18.
477 1091 541 1130 illi
572 1091 699 1144 aliquo
727 1101 810 1129 tum

66 1151 207 1190 timore
222 1149 448 1203 perterriti,
477 1145 578 1203 quod
604 1145 692 1188 aflet
723 1147 808 1193 illu,

66 1215 185 1260 atque
205 1219 330 1244 omnes
348 1219 411 1244 res
427 1205 521 1243 anm·
530 1204 743 1257 Jizperioris
753 1203 809 1243 la-

69 1259 263 1314 heslcflnri
291 1276 315 1300 a
333 1259 587 1314 praetoribus,
615 1260 811 1314 infirmari

69 1319 262 1369 asenam,
286 1328 399 1372 atque
421 1317 657 1369 principibus
675 1319 797 1358 ciuita

69 1378 125 1416 tis
138 1373 346 1428 putabant,
369 1372 566 1413 tribunum
594 1374 816 1427 popularem

71 1434 152 1483 ase
171 1432 345 1471 alienare
364 1429 556 1478 nolebant,
569 1432 723 1486 suaque
731 1428 818 1483 sthi

65 1490 250 1543 propiora
266 1487 438 1541 pericula
465 1484 545 1542 effi,
575 1501 691 1543 quam
719 1501 816 1533 mea,

69 1544 337 1601 loquebantur.
394 1545 437 1583 Et
458 1546 497 1582 in
517 1544 649 1584 eadem
671 1543 718 1583 de
728 1557 816 1597 pro-

71 1604 172 1641 vinc.
194 1616 223 1640 c.
241 1608 304 1650 18.
388 1600 481 1641 Ecce
511 1601 585 1641 illa
604 1600 814 1656 tempestas,

72 1660 201 1712 caligo
211 1657 405 1704 bonorum,
426 1668 463 1697 et
469 1656 607 1708 fitbita
623 1669 737 1714 atque
748 1659 815 1697 im-

0 1738 9 1744 -
38 1755 43 1761 .
66 1716 225 1770 procusa
242 1713 429 1766 formido,
440 1715 618 1755 tenebrae
636 1713 815 1768 reipubli-

70 1787 154 1820 cae,
187 1774 304 1812 ruina
337 1782 452 1825 atque
479 1769 699 1811 incendium
725 1771 818 1811 ciui-

72 1831 195 1877 tatis,
227 1839 354 1868 terror
391 1828 551 1868 inimus
586 1827 742 1880 Caesari
769 1825 818 1867 de

73 1889 154 1926 eius
175 1883 286 1933 allis,
297 1894 420 1925 metus
434 1883 562 1925 caedis
581 1885 687 1926 bonis
701 1885 817 1924 omni-

73 1941 152 1983 bus.

138 2009 548 2065 Voltmtate'Caefizris
576 2011 635 2067 egi
662 2012 705 2063 e]
732 2012 815 2050 Hae

76 2069 124 2109 de
140 2083 182 2110 re
201 2071 247 2109 fic
266 2071 306 2108 in
332 2080 428 2110 orat.
446 2069 492 2109 de
507 2072 678 2124 prouinc.
703 2081 732 2107 e.
751 2079 766 2108 1
778 2074 815 2117 8.

75 2130 198 2168 cneus
223 2129 430 2180 Pompeius
445 2126 545 2167 idem
579 2125 674 2167 mihi
711 2124 816 2182 testis

74 2185 123 2224 de
151 2183 348 2224 voluntate
381 2184 574 2236 Caesaris,
605 2195 643 2224 et
656 2181 818 2235 sponsor

76 2239 130 2295 est
149 2240 212 2280 illi
232 2238 390 2281 demea.

138 2310 230 2351 Non
244 2308 394 2365 possem]
421 2309 536 2360 Qod
565 2308 711 2350 sensum
730 2324 817 2351 con-

79 2369 270 2463 fiffmatum
308 2367 500 2421 deponere
552 2366 817 2409 difficillimum

75 2440 100 2464 ε
131 2433 178 2464 et.

139 2496 372 2546 Vibullium]
402 2500 456 2546 Q
473 2493 696 2541 Vibullium,
710 2508 819 2548 prae·

76 2553 220 2594 fecium
240 2552 392 2591 fabrum
420 2554 589 2606 Pompeii
612 2549 718 2590 ciuili
738 2549 816 2591 bel-

76 2609 133 2656 10,
164 2609 410 2662 eiusdemque
447 2612 641 2662 copiarum
681 2607 815 2648 ducio-

79 2680 173 2706 rem.
200 2664 265 2705 lib.
290 2672 325 2715 8.
358 2665 406 2704 ad
430 2669 540 2706 Attic.
567 2666 671 2718 epist.
691 2677 730 2707 2.
779 2675 816 2704 et

80 2724 196 2779 epist.
213 2724 385 2778 Pompeii
421 2723 469 2764 ad
496 2725 725 2764 Ciceronem
752 2735 816 2764 eo·

1543 59 1598 103 9¹

861 163 946 202 dem
973 162 1074 203 libro
1104 175 1166 208 11.
1208 172 1250 206 et
1278 164 1381 216 epist.
1432 160 1600 200 Caesarie

861 219 927 259 lib.
941 232 978 273 9.
999 221 1045 259 ad
1057 222 1167 259 Attic.
1180 223 1218 263 6.
1231 219 1408 273 idemque
1422 218 1487 259 lib.
1510 218 1604 260 1.de

860 275 949 316 bcll.
974 280 1044 317 ciu.
1074 288 1180 330 τας.

920 333 1136 388 integrum]
1218 336 1280 374 Ne
1314 333 1407 388 quid
1439 347 1603 385 agerem.

862 391 937 430 Vbi
959 394 1058 429 enim
1080 400 1212 442 coepta
1234 406 1291 430 res
1317 393 1391 441 agi,
1416 406 1494 431 non
1524 405 1605 432 am·

863 446 963 502 plius
997 450 1143 496 integra
1176 447 1351 495 videtur,
1402 448 1471 488 sed'
1512 460 1605 489 tam-

863 518 975 558 quam
1013 505 1236 551 imminuta,
1264 504 1429 544 detra&
1467 506 1607 547 scilicet

864 575 907 601 ea
936 574 1065 615 parte,
1095 573 1192 614 quae
1221 560 1391 601 confecia
1434 564 1510 602 iam
1541 566 1604 604 est.

865 618 1021 658 Coelius
1046 617 1110 658 lib.
1127 623 1162 666 8.
1193 619 1295 672 epist.
1313 622 1350 657 (ι’.
1400 619 1463 659 De
1485 620 1609 660 Dola·

864 675 963 717 bella
978 678 1169 728 integrum
1181 675 1252 714 ttht'
1263 675 1430 726 restrues
1447 677 1606 726 suadeo.

923 733 1187 784 Rfiruareraet]
1274 731 1512 772 Rcseruauit:
1564 743 1606 774 vt

865 789 929 829 lib.
953 803 992 832 2.
1020 789 1066 829 ad
1099 792 1151 838 Q
1171 791 1228 827 Fr.
1258 791 1359 842 epist.
1379 795 1415 838 8.
1449 789 1608 829 demon-

866 850 971 886 strat:
1013 847 1134 887 ethic
1168 847 1206 884 in
1244 845 1488 898 sequentibus
1525 861 1607 887 non

865 904 1023 944 obscure
1043 902 1293 953 cognoscitur.
1447 912 1456 917 ‘

923 962 1065 1014 Collegi
1090 961 1164 1013 ipse
1186 960 1260 1013 me]
1319 962 1369 998 Vt
1398 962 1606 1001 accuratius

867 1018 913 1058 de
934 1018 1061 1057 officio
1092 1029 1178 1056 mco
1204 1031 1351 1056 mecum
1380 1017 1459 1072 ipse
1493 1020 1606 1058 confi·

867 1076 1053 1122 dei-arem,
1091 1075 1191 1128 quasi
1239 1076 1409 1113 animum
1460 1074 1608 1125 collegi.

866 1136 952 1173 Hoc
973 1131 1157 1186 loquendi
1181 1145 1298 1180 genus
1327 1130 1404 1184 ipse
1423 1134 1610 1187 interpre-

866 1201 968 1231 tatur
990 1192 1030 1228 in
1052 1187 1169 1228 Tusc.
1181 1201 1221 1241 4.
1251 1203 1279 1227 c.
1296 1190 1358 1240 36.
1415 1190 1529 1246 ‚Quid
1546 1189 1610 1242 est,

868 1248 1008 1300 inquit,
1017 1246 1064 1296 se
1089 1246 1208 1298 ipsum
1228 1247 1415 1301 colligere,
1436 1246 1518 1298 ng'si
1532 1246 1613 1298 dis²

853 1304 1013 1358 „fipatas
1050 1303 1173 1342 animi
1206 1314 1341 1354 partes
1373 1305 1528 1357 rursum
1567 1305 1612 1344 in

857 1362 976 1413 suum
1024 1361 1146 1399 locum
1193 1360 1353 1415 cogere?
1390 1361 1455 1403 sic.
1487 1359 1553 1399 lib.
1570 1371 1610 1411 3.

871 1418 974 1471 epist.
994 1428 1056 1457 10.
1087 1415 1177 1466 Εζβ
1184 1419 1366 1470 grauiter
1381 1418 1506 1467 primo
1516 1431 1611 1457 nun-

871 1477 929 1515 cio
947 1482 1148 1514 commotus
1160 1474 1264 1523 sitm,
1286 1474 1388 1525 quod
1408 1473 1511 1513 nihil
1528 1485 1611 1513 tam

867 1541 1026 1585 praeter
1050 1531 1261 1582 opinionem
1289 1543 1411 1569 meam
1439 1533 1612 1571 accidere

866 1590 1022 1642 potuit:
1048 1597 1190 1633 tamen,
1214 1596 1259 1625 vt
1284 1601 1342 1624 me
1372 1587 1529 1642 collegi,
1556 1602 1614 1628 ce·

872 1656 958 1684 tera
1007 1643 1100 1683 mihi
1127 1641 1328 1694 facillima
1365 1641 1611 1684 videbantur.

871 1702 956 1742 Lib.
970 1712 1006 1751 ς.
1031 1700 1135 1753 epist.
1158 1705 1220 1748 ¹8·
1249 1699 1368 1755 Rogo,
1390 1711 1506 1756 atque
1535 1715 1613 1751 oro,

871 1770 910 1799 te
932 1758 1103 1814 colligas,
1125 1757 1329 1812 virumque
1344 1755 1541 1809 praebeas,
1561 1769 1613 1806 et,

872 1829 947 1870 qua
972 1814 1183 1854 conditione
1204 1824 1330 1852 omnes
1355 1812 1530 1863 homines,
1560 1827 1612 1863 et,

872 1870 1008 1928 quihus
1025 1868 1254 1920 temporibus
1283 1873 1367 1910 nati
1392 1869 1529 1921 fimus,
1556 1886 1614 1913 co-

866 1931 981 1985 gites.
1011 1929 1055 1967 Et
1074 1925 1140 1966 lib.
1157 1937 1218 1969 12.
1238 1925 1285 1965 ad
1296 1929 1407 1966 Attic.
1428 1929 1531 1981 epist.
1547 1941 1611 1983 35.

870 1985 962 2037 Efli
989 1986 1112 2024 minus
1162 1996 1321 2039 vrgeor,
1370 1998 1501 2040 meque
1535 1987 1614 2039 ipſs.⁸

865 2040 1135 2096 propemodum
1160 2041 1320 2095 collegi:
1354 2052 1486 2081 tamen
1512 2041 1614 2082 indi·

864 2113 936 2157 geo
954 2100 1017 2139 tui
1043 2095 1201 2149 consilii.
1257 2097 1314 2136 Ad
1352 2097 1515 2137 eundem
1544 2098 1612 2139 lib.

875 2167 939 2208 15.
963 2155 1144 2208 epist.21.
1177 2153 1275 2193 Tum
1295 2169 1352 2201 me
1375 2155 1521 2212 collegi,
1552 2171 1616 2198 ve.

873 2227 973 2261 rens,
994 2226 1040 2251 ne
1058 2211 1154 2267 quid
1170 2210 1264 2250 mihi
1295 2213 1363 2252 ille
1386 2212 1516 2252 iratus
1539 2212 1615 2254 tibi

871 2279 1033 2310 noceret.
1114 2265 1172 2306 Ad
1194 2268 1246 2305 Μ.
1269 2271 1426 2308 Brutum
1447 2270 1550 2322 epist.
1573 2283 1612 2324 9.

874 2327 1062 2366 Iudicium
1098 2334 1208 2363 tuum
1242 2325 1374 2382 mhgm’
1398 2327 1614 2381 aestimans,

875 2384 986 2438 idque
1017 2382 1176 2427 veritus,
1197 2393 1256 2420 me
1279 2383 1356 2435 ipse
1383 2384 1531 2440 collegi.

933 2438 1026 2478 Cum
1046 2438 1125 2490 ipsa
1145 2438 1261 2492 φημί
1283 2438 1477 2490 republica
1503 2441 1616 2481 colla-

876 2506 985 2537 cutus
1001 2494 1108 2546 sum]
1147 2496 1259 2543 Qafi
1290 2495 1371 2535 sum
1402 2493 1615 2537 collocutus

873 2566 958 2592 cum
978 2551 1055 2605 ipsa
1081 2550 1287 2605 republica.
1316 2568 1394 2592 non
1426 2556 1529 2592 enim
1557 2569 1616 2594 rc-

872 2622 964 2648 vera
999 2607 1256 2662 colloquimur
1292 2625 1375 2650 cum
1406 2610 1615 2663 republica,

873 2665 934 2705 sed
947 2665 1024 2718 ipsa
1042 2668 1223 2715 cogitatio
1243 2666 1430 2721 colloquii
1445 2666 1615 2707 similitu-

873 2723 1001 2763 dinem
1035 2723 1160 2763 habet.

1450 2780 1614 2834 Perfun-
