1863 3172
220 98 301 143 194

222 204 363 258 quibus
376 205 416 242 in
436 202 614 242 omnibus
640 201 704 247 est,
725 201 874 239 procos.
890 213 971 238 non

223 259 428 317 Proqzmqfi
485 259 548 298 etfi
611 270 758 295 nouum
808 258 969 295 omnino

224 318 399 363 videtur,
433 329 517 354 cum
538 310 750 372 proconsul
776 311 968 357 adhuc-in

222 374 423 428 prouincia
453 373 517 418 sit,
544 369 707 409 alterum
734 368 870 408 eodem
901 384 969 409 no-

223 434 327 470 mine
349 428 546 482 appellari.
578 425 750 466 nondum
783 428 888 466 enim
907 428 969 465 Bi-

221 486 335 528 bulus
357 486 403 525 de
431 486 631 540 prouincia
650 482 863 525 decesserat.
882 484 967 522 fieri

223 556 348 584 tamen
373 544 506 596 potest,
532 551 574 581 vt
590 542 774 580 Caninius
791 541 852 580 hic
872 555 892 580 a
905 542 966 579 Bi-

218 599 327 648 bulo,
348 601 458 640 breui
488 597 710 644 discessuro,
742 599 965 651 prouinciae

220 666 534 713 praeponeretur,
580 656 764 708 potestate
806 657 849 693 in
879 669 966 693 eum

220 713 412 755 translata.
440 725 477 752 et
505 710 658 752 fortass'e
688 725 900 761 cognomen
930 713 966 750 ei

218 772 294 812 fuit
312 771 531 811 Veientoni.
572 783 660 807 nam
679 766 838 807 Bibulus
859 767 965 807 dece—

219 829 309 869 dens
331 829 553 881 prouinciae
578 827 834 866 Veientonem
858 839 965 880 prae-

218 886 319 927 fecit.
347 884 413 924 lib.
434 896 473 938 7.
498 885 601 937 epist.
623 894 658 935 3.
689 882 826 922 eodem
842 882 962 922 modo

212 942 418 997 proconsul
469 937 683 994 appellatur
737 941 778 978 P.
816 940 961 979 Sextius

218 1000 283 1040 lib.
306 1012 342 1053 5.
370 999 461 1052 epist
483 1001 521 1040 6.
555 998 622 1049 qui
644 1006 766 1035 tamen
787 998 963 1049 quaestor

218 1072 301 1097 cum
322 1056 491 1095 Antonio
512 1051 738 1107 proconsule
767 1054 808 1091 in
836 1056 961 1093 Mace-

218 1114 374 1153 doniam
411 1110 602 1165 profee'ms
631 1121 722 1148 erat.
766 1123 843 1162 quo
867 1111 961 1149 item

216 1173 257 1210 in
279 1169 364 1209 loco
383 1167 564 1208 mendum
594 1181 679 1205 cum
698 1165 898 1219 irrepsisset
919 1169 959 1205 in

215 1229 446 1267 recentiores
480 1223 620 1267 libros;
655 1234 692 1262 et
721 1224 961 1276 Proquaesto-

215 1287 275 1331 ri,
307 1282 518 1332 legeretur-3
557 1294 628 1319 nos
654 1294 675 1319 e
695 1278 836 1332 septem
863 1283 959 1321 anti-

217 1343 316 1394 quiS,
339 1337 577 1390 Proconsuli,
594 1335 845 1391 reposuimus.

273 1407 474 1461 Litteras]
504 1411 638 1448 Binas:
670 1423 756 1447 nam
773 1409 873 1449 infm
888 1424 955 1449 no—

217 1470 338 1509 minat
355 1468 435 1506 eius
457 1464 614 1505 alteram
635 1465 839 1519 epistolam.

272 1540 404 1580 Stator
419 1535 532 1588 tuus]
564 1536 709 1576 Indicat
736 1537 796 1576 hic
822 1537 955 1587 locus,

216 1597 456 1650 quaestoreS,
493 1595 583 1632 item
604 1605 658 1633 *vt
696 1594 955 1647 proconsuleS,

213 1652 416 1694 stateribus
438 1649 522 1689 vsos
552 1649 636 1689 effe.
664 1649 864 1691 lietoribus
890 1666 953 1692 au-

211 1721 289 1751 tem
309 1720 345 1748 et
371 1708 584 1747 viatoribus
619 1709 816 1757 carebant,
847 1720 889 1749 vt
909 1724 954 1749 ex

211 1771 387 1807 Varrone
400 1764 508 1803 docet
526 1762 670 1803 Gellius
685 1764 752 1804 lib.
769 1779 782 1806 ι
795 1779 829 1819 3.
847 1781 876 1806 c.
897 1781 955 1809 12.

212 1826 343 1876 itaque
372 1836 439 1861 nec
466 1823 732 1869 vocationem,
766 1837 836 1862 nec
870 1837 954 1877 pre-

208 1881 429 1922 henfionem
448 1878 649 1920 habebant.

274 1948 419 2002 Tarfi]
449 1950 547 1988 Vrbs
577 1947 734 1989 Ciliciae
760 1949 846 1999 fuit,
874 1965 953 2004 quo

211 2009 250 2050 se
278 2010 414 2047 Cicero
463 2005 676 2046 contulerat
723 2009 829 2047 Non.
867 2012 953 2048 Iun.

214 2065 280 2107 lib.
302 2067 340 2106 6.
359 2063 406 2102 ad
425 2065 534 2102 Attic.
572 2064 675 2117 epist.
691 2077 731 2117 4.

271 2136 355 2175 Nec
384 2147 609 2189 quemquam
626 2133 718 2186 fore
748 2135 950 2189 arbitror]

214 2195 305 2233 Non
331 2188 467 2229 fefellit
500 2205 586 2229 eum
622 2192 850 2231 conie6h1ra.
889 2207 953 2231 ne-

214 2263 277 2287 mo
318 2249 420 2286 enim
450 2246 633 2294 succeffit,
676 2247 952 2301 impedimento

209 2305 418 2360 prouinciis
454 2305 631 2343 omnibus
659 2306 830 2352 obiec'io,
863 2309 953 2358 quia

211 2362 357 2402 senatus
391 2359 562 2398 consulto
591 2361 638 2399 <le
665 2364 875 2414 prouinciis
895 2365 952 2402 in-

212 2416 406 2458 tercessum
420 2430 440 2454 a
469 2417 631 2455 tribunis
653 2417 787 2469 plebis,
805 2433 852 2457 ne
874 2419 950 2458 suc-

210 2473 327 2514 cess'or
347 2472 497 2512 Caesari
516 2475 742 2513 mitteretur.
776 2475 864 2515 vide
882 2475 949 2516 lib.

206 2538 241 2580 g.
263 2531 366 2583 epist.
391 2541 424 2582 ς.

261 2585 331 2625 Ad
354 2583 484 2636 diem]
522 2589 685 2625 Venerat
715 2588 756 2624 in
787 2588 945 2640 prouin-

205 2644 299 2681 ciam
326 2641 432 2694 pride
452 2640 528 2679 Kal.
546 2645 640 2681 Sext.
660 2653 701 2681 vt
724 2642 941 2695 scripfitlib.

205 2711 241 2751 3.
259 2700 360 2752 epist.
385 2702 422 2740 6.
449 2698 583 2736 eodem
614 2700 673 2737 die
702 2700 819 2747 igitur
837 2699 942 2739 dece·

201 2757 367 2795 tiendum
396 2764 496 2801 erat,
526 2769 628 2796 anno
659 2755 835 2796 consenc
866 2768 938 2797 ΠΙ.

435 89 661 129 PAVLLI
696 86 988 138 MANvfr-II
1016 64 1533 129 COMMENTARtvs

1028 197 1110 238 Kal.
1132 201 1229 239 Sext.
1310 203 1369 241 De
1398 204 1542 256 quo'sic
1569 201 1698 247 lib.'6.
1727 203 1776 245 ad

1027 258 1140 295 Attic.
1163 257 1268 308 epist.
1289 269 1326 298 2.
1386 264 1552 300 Annuae
1571 262 1662 301 miht
1691 275 1776 314 ope-

1027 328 1093 352 rae
1118 327 1156 352 a.
1187 311 1223 358 d.
1261 324 1331 352 111.
1364 315 1455 356 Kal„
1482 317 1587 356 Sext.
1615 331 1776 358 emeren-

1025 380 1105 409 tur.
1165 370 1210 407 Et
1230 369 1388 417 ibidem,
1415 384 1457 424 32·
1476 373 1584 414 Mihi
1603 374 1687 414 a.d.
1703 386 1774 416 111.

1026 426 1119 465 Kal.
1151 426 1258 465 Sext.
1295 424 1342 466 de
1357 431 1563 480 prouincia
1592 429 1774 472 deceden-

1023 481 1116 522 dum
1135 481 1197 536 cst.

1086 553 1307 592 Ciceronum
1354 555 1443 607 cmg]
1456 568 1481 591 a
1534 548 1771 611 puerorum]

1023 611 1109 649 Lib.
1128 613 1166 652 6.
1182 608 1229 647 ad
1245 611 1355 648 Attic.
1384 611 1488 663 epist.
1505 621 1545 664 7.
1599 614 1773 655 Rhodum

1024 668 1108 706 volo
1122 679 1326 718 puerorum
1355 663 1500 721 cuzgffis:
1530 666 1621 708 inde
1639 660 1773 726 quast.

1017 725 1188 775 primum
1212 723 1392 762 Athenas.

1079 792 1337 846 Reipublicae]
1367 795 1486 832 Cuius
1507 793 1773 837 turbulentum

1024 848 1097 888 effe
1118 851 1251 888 statum
1279 851 1304 889 fi
1325 863 1560 900 cognouero,
1573 851 1772 894 subsistam

1019 917 1062 945 m
1083 917 1232 945 itinere.

1075 974 1265 1032 Succcffor
1294 976 1418 1031 tuus]
1447 981 1624 1029 Marius,
1653 994 1770 1034 quem

1018 1036 1196 1073 nominat
1216 1033 1329 1073 infra.

1073 1106 1120 1144 In
1138 1103 1264 1157 Asin]
1306 1106 1350 1143 In
1363 1118 1407 1143 ea
1421 1115 1529 1158 parte
1539 1109 1656 1155 Asiae,
1668 1122 1767 1161 quae

1017 1160 1066 1199 ad
1097 1163 1295 1201 Ciceronis
1324 1165 1564 1215 prouinciam
1603 1169 1769 1217 pertine-

1017 1219 1103 1257 bat:
1141 1229 1216 1257 tres
1246 1220 1348 1257 enim
1372 1221 1408 1257 ei
1440 1221 1544 1258 Aliae
1576 1223 1766 1262 dioeceses

1016 1276 1223 1315 attributae
1244 1282 1363 1314 erant.
1387 1274 1453 1315 lib.
1474 1290 1534 1330 ¹3·
1555 1280 1658 1331 epist.
1671 1283 1738 1333 67.

1072 1347 1136 1386 De
1169 1346 1385 1387 rationibus
1423 1346 1657 1401 referendis]
1686 1352 1765 1390 Lex

1012 1402 1125 1451 Iulia,
1149 1417 1264 1457 quam
1289 1406 1332 1443 C.
1361 1401 1481 1442 Iulius
1510 1405 1646 1444 Caesar
1675 1421 1764 1445 con-

1014 1460 1070 1500 sul
1090 1460 1250 1507 tulerat,
1280 1461 1566 1514 prouinciarum
1588 1465 1760 1503 rationes

1012 1517 1150 1557 referri
1176 1519 1344 1557 iubebat.
1381 1531 1462 1556 cam
1498 1517 1641 1568 legem,
1670 1523 1763 1572 quia

1014 1585 1146 1614 contra
1163 1574 1326 1629 auspicia
1351 1572 1426 1613 lata
1457 1576 1761 1627 effen-Bibulus,

1012 1631 1181 1672 Caesaris
1226 1633 1424 1678 inimicus,
1476 1631 1629 1672 seruare
1650 1633 1759 1674 nole·
1819 1664 1823 1666 -
1845 1650 1847 1667 τ

1010 1691 1096 1729 bat:
1142 1703 1257 1743 quem
1298 1686 1487 1729 Sallustius
1535 1689 1756 1731 decreuerat
1840 1687 1847 1695 ⁴

1010 1748 1164 1786 imitari.
1186 1745 1250 1786 lib.
1265 1757 1300 1799 ς.
1330 1747 1433 1799 epist.
1455 1757 1520 1788 20.
1541 1758 1577 1787 et
1595 1759 1691 1787 orat.
1713 1751 1756 1788 in

1010 1804 1188 1844 Pisonem
1223 1819 1254 1842 c.
1273 1816 1340 1856 25.
1836 1855 1838 1858 Υ
1862 1844 1863 1849 ,

1066 1878 1101 1915 Α
1133 1874 1296 1924 Bibulo]
1357 1875 1481 1918 Syriae
1517 1875 1758 1927 proconsule.
1799 1880 1803 1883 “

1011 1931 1260 1971 Praefucrunt
1281 1931 1431 1977 Syriae,
1454 1941 1495 1970 vt
1514 1945 1535 1968 a
1555 1935 1681 1985 primo
1700 1937 1757 1972 in-

1012 1991 1171 2043 cipiam,
1211 1985 1416 2027 consularis
1445 1990 1645 2041 Pompeius
1673 1993 1754 2030 Ma-

1011 2061 1121 2096 gnus,
1143 2056 1233 2085 mox
1260 2045 1307 2084 ab
1342 2059 1388 2083 eo
1418 2043 1620 2086 decedente
1646 2062 1754 2100 prae-

1010 2105 1164 2158 positus,
1184 2103 1361 2156 quaestor
1378 2104 1432 2140 M.
1450 2101 1630 2141 Aemilius
1645 2108 1754 2143 Scau·

1010 2173 1098 2207 rus3
1127 2160 1331 2213 praetorii,
1360 2161 1398 2196 L.
1425 2161 1591 2198 Marcius
1614 2161 1752 2214 Philip-

1011 2232 1094 2271 pus,
1120 2220 1188 2256 Cn.
1219 2213 1422 2256 Cornelius
1443 2215 1623 2256 Lentulus
1648 2221 1756 2257 Mar-

1010 2273 1190 2319 cellinus;
1229 2271 1441 2312 consulares
1480 2276 1523 2312 A.
1552 2277 1753 2324 Gabinius,

1009 2335 1062 2371 M.
1080 2332 1247 2370 Licinius
1258 2328 1420 2376 Crassus,
1441 2332 1495 2367 M.
1516 2331 1750 2385 Calpurnius

1008 2386 1190 2435 Bibulus,
1230 2387 1405 2440 quaestor
1433 2386 1621 2436 Caesaris,
1665 2390 1748 2428 Sex.

1008 2444 1128 2483 iulius
1150 2443 1301 2490 Caesar,
1316 2442 1491 2482 Decidius
1511 2445 1615 2485 Saxa.
1644 2449 1749 2485 Haec

1008 2516 1053 2540 ex
1065 2503 1260 2555 Appiano,
1279 2501 1420 2547 Dione,
1441 2499 1536 2540 aliis.

1840 1382 1848 1406 ⁴i

1835 1450 1848 1496 ,ἶ

1835 1504 1849 1582 3.

1841 1594 1848 1605 1

1056 2588 1170 2627 Certa
1217 2587 1384 2642 quadam
1433 2584 1611 2637 ratione]
1652 2588 1743 2625 Pro·

999 2653 1086 2696 pter
1111 2654 1328 2682 inimicitias
1352 2655 1388 2682 et
1408 2653 1671 2682 contentiones
1696 2656 1740 2682 m

999 2699 1193 2739 consulatu
1211 2717 1219 2738 :
1265 2714 1353 2739 cum
1373 2698 1542 2746 Bibulus,
1577 2698 1739 2739 Caesare

996 2754 1119 2806 legem
1147 2757 1293 2799 ferente
1308 2786 1322 2806 ,
1353 2755 1588 2811 impediendi
1616 2754 1740 2850 cauffa

1714 2825 1737 2851 e
