1863 3172
242 58 254 80 x

169 107 255 153 432

170 228 201 252 c.
215 209 280 253 26.
319 209 352 247 Ο
371 207 510 251 lutum,
529 219 549 245 o
559 202 724 255 forda!
765 204 852 243 Lib.
871 216 911 257 4.

170 269 219 310 ad
245 267 354 305 Attic.
380 263 483 316 epist.
500 268 561 302 16.
582 259 753 300 Indicum
766 259 914 312 sordes.

228 323 359 363 Morte
378 317 542 371 inimici]
581 316 723 357 Clodio
753 330 776 355 a
798 315 914 358 Milo-

170 396 219 421 ne
242 376 456 418 intel-setim.

235 451 361 491 Onam
381 444 619 498 calamitate]
705 445 797 483 Non
819 446 915 484 tanti

172 492 282 550 miffi‘
304 507 354 544 est
384 504 627 542 inimicorum
671 502 849 549 exitium,
875 510 916 540 vt

173 580 237 606 eos
258 562 427 618 perditos
459 557 575 598 velim
603 572 686 596 cum
706 559 915 595 amicorum

173 614 397 662 calamitate.
437 615 541 669 quod
562 614 695 654 accidit
709 616 747 652 in
761 613 914 653 Clodio.

176 694 263 720 eum
284 677 385 716 enim
397 673 533 713 occidit
550 670 658 717 Milo,
679 681 715 709 et
735 685 780 709 eo
793 672 915 708 crimi-

172 752 222 778 ne
235 734 484 776 calamitatem
500 728 614 769 subiit
635 725 778 767 exsulii.

231 801 441 855 Bonorum]
470 801 657 847 Indicum,
670 799 738 851 qui
763 795 918 837 Bursam

178 865 461 906 damnauerant.

235 927 531 980 contentionem]
621 928 816 965 Summum
846 927 918 965 stu·

179 994 285 1034 dium
303 1004 373 1045 pro
404 986 519 1027 salute
549 983 697 1024 Bursae.
728 997 814 1022 nam
835 998 917 1023 con-

175 1053 296 1092 tentio
340 1045 424 1101 plus
469 1043 532 1089 est,
584 1055 698 1094 quam
724 1039 915 1096 studium.

175 1108 243 1149 lib.
260 1120 292 1148 ι.
322 1103 474 1157 epist.1.
559 1100 620 1138 Sic
650 1100 727 1153 egit
755 1093 917 1151 cauſj‘am

178 1177 300 1210 tuam,
320 1172 364 1201 vt
392 1171 506 1213 neque
534 1156 748 1210 eloquentia
775 1156 918 1193 maiore

173 1224 388 1279 quisquam,
406 1228 522 1269 neque
534 1214 747 1269 grauitate,
766 1209 917 1265 ncestu-

177 1278 254 1326 dio,
273 1291 339 1315 nec
358 1272 588 1314 contentione
604 1281 717 1324 agere
734 1269 917 1320 potuerit.

179 1340 224 1376 Et
243 1333 345 1387 epist.
371 1343 408 1384 9.
440 1325 608 1366 eiusdem
633 1326 745 1364 iibri:
787 1324 918 1374 Caesa-

179 1395 256 1438 ris,
285 1400 327 1430 υτ
369 1387 478 1428 illum
515 1381 767 1435 defenderem,
815 1383 919 1420 mira

179 1447 365 1491 contentio
385 1442 435 1499 est
454 1441 661 1492 consecuta.

238 1512 458 1566 Clarifflmt‘]
473 1535 475 1539 ·
489 1513 710 1565 Pompeium
728 1511 918 1559 fignificat.

181 1591 296 1632 quem
315 1566 352 1612 et
370 1572 436 1610 lib.
457 1582 485 1610 ι.
501 1571 607 1622 epist.
622 1576 656 1617 8.
673 1566 919 1618 clarzffimum

181 1642 306 1675 vocat.
345 1630 386 1669 A
407 1628 560 1678 senatu,
579 1627 719 1678 inquit,
747 1623 920 1663 ordinem

183 1685 539 1736 coniunHiffimun'1‚
567 1694 605 1723 et
634 1683 818 1722 hominem
843 1681 922 1721 cla-

184 1734 368 1800 riffirmmi
378 1736 718 1781 abalienauerant.

240 1797 504 1852 Potentiffitni]
537 1798 680 1837 Contra
695 1806 828 1837 tantas
839 1805 924 1848 opes

182 1865 272 1908 eius,
295 1859 390 1898 dixit
409 1854 520 1915 infra.

241 1929 412 1971 Odermn
431 1926 550 1965 multo
567 1927 671 1976 peius
684 1922 806 1975 hunc]
835 1924 922 1963 Lib.

186 2002 248 2043 14.
272 1987 320 2026 ad
339 1986 449 2025 Attic.
470 1983 572 2035 epist.
588 1992 621 2021 1.
670 1981 760 2020 Non
778 1979 924 2028 dubito,

184 2049 276 2104 quin
288 2059 341 2084 me
350 2041 449 2080 male
460 2038 598 2079 oderit.
618 2040 660 2076 Et
672 2040 724 2076 M.
735 2040 871 2076 Brutus
883 2039 925 2076 in

185 2104 288 2158 epist.
309 2102 367 2142 16.
387 2096 434 2138 ad
455 2097 702 2135 Ciceronem:
736 2096 822 2133 Pati
843 2109 924 2134 con-

185 2158 378 2202 tumelias,
397 2154 505 2207 peius
528 2150 641 2191 odero
666 2150 780 2190 malis
808 2153 925 2190 omni-

187 2217 255 2257 bus
273 2215 374 2254 aliis.
405 2207 498 2249 Phil.
517 2219 579 2249 11.
606 2222 635 2246 c.
651 2211 700 2261 5(
724 2207 924 2247 Neminem

185 2271 363 2313 veterani
378 2269 481 2319 peius
498 2265 670 2305 oderunt.
711 2265 923 2303 Terentius

188 2332 229 2369 in
252 2325 408 2379 Adelph.
430 2325 510 2363 Aet.
522 2333 560 2375 4.
584 2323 637 2360 Sc.
656 2334 687 2367 1.
709 2335 746 2360 v.
757 2333 797 2374 7.

244 2400 294 2439 Et
326 2394 429 2438 illud
457 2408 525 2434 rus
558 2392 668 2431 nulla
693 2392 776 2432 alia
805 2388 928 2446 cauffit

358 2464 440 2492 tam
472 2450 572 2489 male
605 2447 693 2497 odi,
735 2447 817 2501 ⁷²3st
838 2450 928 2504 quia

347 2521 464 2563 prope
488 2506 541 2558 'st.

191 2582 398 2623 Horatius:
419 2576 497 2618 Odi
517 2591 608 2616 cane
622 2577 730 2628 peius
741 2586 779 2615 et
793 2576 927 2632 angue.

250 2653 362 2692 Hunc
372 2645 634 2701 defenderam]
654 2649 786 2686 Reum.
807 2648 929 2697 ingra-

191 2719 253 2750 tus
272 2709 401 2757 igitur.
429 2707 470 2743 in
491 2705 690 2756 quobvitio
714 2701 810 2742 nihil
838 2703 931 2742 mali

188 2779 270 2807 non
279 2765 372 2805 inest
383 2779 394 2810 ς
406 2772 448 2803 vt
467 2760 533 2801 lib.
548 2767 584 2809 8.
596 2759 642 2799 ad
654 2762 764 2799 Attic.
777 2762 880 2814 epist.
889 2773 931 2812 4.

381 93 603 134 PAVLLI
648 91 937 132 MANVTII
977 93 1490 135 COMMENTARIVS

1025 204 1245 255 Discrimen
1265 207 1346 261 effic
1364 207 1565 257 habitura]
1612 209 1712 248 Peri-

970 259 1143 300 clitatura
1162 261 1274 302 ess'e't:
1303 260 1389 303 eum
1420 266 1461 303 in
1490 277 1575 303 mea
1595 263 1712 304 salute
1761 286 1767 291 ·

970 317 1202 372 reipublicae
1221 318 1316 358 salus
1335 332 1522 370 ageretur.

1027 390 1169 428 Eorum
1188 389 1348 444 auxilio]
1435 392 1714 445 Improborum

971 448 1156 484 omnium.
1187 459 1267 484 non
1286 450 1388 485 enim
1407 452 1610 502 praecipue
1621 451 1714 488 Cae-

973 502 1103 548 sarem,
1129 504 1366 556 Pompeium,
1387 504 1556 544 Crassum
1587 505 1716 545 notari

974 558 1220 597 crediderim:
1260 559 1307 597 de
1343 562 1485 612 quibus
1530 563 1571 600 in
1615 573 1712 601 orat.

973 629 1045 669 pro
1067 616 1191 654 Sextio
1204 629 1233 653 c.
1248 627 1313 669 17.
1332 623 1392 664 18.
1420 631 1509 656 nam
1530 618 1602 657 hoc
1622 628 1716 658 tem·

975 686 1070 726 pore
1091 670 1241 710 Caesari
1261 683 1298 711 et
1323 675 1504 727 Pompeio
1527 687 1606 713 non
1631 673 1714 714 vul-

975 730 1056 778 gari
1086 731 1221 768 Cicero
1248 731 1470 770 coniunems
1509 742 1591 770 erat
1623 733 1718 770 ami-

972 787 1072 834 titia.

1029 857 1122 912 in,
1147 870 1205 895 me
1241 855 1379 909 stante,
1393 857 1510 912 stare
1538 872 1612 898 non
1634 868 1716 912 pot·

973 913 1106 966 erant]
1139 913 1295 952 Perditis
1318 916 1419 953 enim
1445 914 1602 954 illorum
1628 930 1718 955 con-

973 968 1061 1007 filiis
1106 969 1333 1009 aduersabar
1361 974 1556 1011 acerrime.
1588 971 1654 1011 lib.
1676 972 1716 1015 6.

975 1028 1077 1079 epist.
1093 1029 1119 1069 6
1127 1062 1130 1064 .
1158 1029 1248 1066 Cum
1276 1041 1335 1067 me
1362 1043 1412 1068 ex
1438 1028 1631 1082 repul-lica
1649 1043 1717 1069 ex-

970 1085 1147 1137 pulijent
1169 1084 1213 1130 ir,
1231 1086 1298 1140 qui
1321 1086 1432 1124 illum
1453 1085 1589 1125 cadere
1609 1084 1716 1143 pff,

958 1139 1095 1195 stante
1112 1154 1179 1186 me,
1201 1154 1277 1180 non
1290 1153 1493 1192 putarunt.

1027 1197 1223 1251 simiolus]
1272 1195 1384 1237 Plane
1404 1197 1717 1248 contemnendus,

975 1268 1054 1292 non
1092 1254 1222 1300 homo,
1259 1253 1321 1293 sed
1361 1254 1540 1294 simiolus.
1567 1255 1717 1296 homini

976 1313 1078 1350 enim
1099 1311 1200 1349 fimia
1220 1312 1447 1364 quibusdam
1478 1313 1590 1351 rebus
1621 1313 1718 1352 fimi-

976 1367 1034 1406 lis.
1079 1366 1182 1419 lib.5
1220 1370 1323 1421 epist.
1342 1380 1403 1412 10,
1453 1371 1615 1417 Simius,
1645 1384 1718 1410 non

964 1423 1127 1476 fimiffi's
1146 1424 1263 1469 homo,
1284 1437 1417 1465 contra
1447 1440 1504 1466 me
1527 1441 1640 1465 arma
1657 1437 1718 1466 tu·

977 1483 1038 1522 lit.
1071 1483 1113 1520 Et
1134 1483 1318 1521 Horatius
1346 1481 1412 1522 lib.
1429 1494 1464 1524 1.
1499 1483 1615 1523 Se‘rm.
1642 1485 1715 1524 Sat.

978 1550 1041 1579 10·
1060 1553 1096 1577 V·
1119 1548 1175 1589 17.

1031 1630 1140 1640 --—
1170 1610 1279 1665 Qos
1295 1621 1411 1661 neque
1433 1610 1589 1662 pulcher

1031 1667 1282 1721 Hermogenes
1313 1673 1493 1721 vmquam
1526 1668 1632 1724 legit,
1658 1681 1718 1710 ne·
1752 1701 1754 1703 »

1141 1722 1357 1777 questmius
1378 1723 1444 1774 'iste

1036 1778 1116 1818 Nil
1135 1790 1294 1832 praeter
1321 1780 1483 1819 Caluum
1519 1792 1558 1821 et
1585 1780 1718 1825 donus

1144 1847 1303 1876 cantare
1325 1837 1529 1876 Catullum.

1034 1907 1078 1946 ln
1097 1921 1206 1961 quem
1226 1906 1487 1958 inueheretur]
1517 1911 1642 1957 Qem
1660 1910 1718 1948 in·

979 1964 1088 2002 iuriis
1108 1963 1282 2003 afficeret.
1319 1965 1360 2002 in
1379 1965 1451 2003 hoc
1478 1966 1599 2005 verbo
1620 1964 1718 2006 illud

980 2020 1204 2068 notandum,
1225 2021 1301 2059 duo
1314 2023 1522 2074 participia,
1543 2023 1719 2063 inmhens

981 2079 1029 2117 ab
1048 2088 1179 2127 agente
1194 2079 1328 2125 verbo,
1344 2078 1514 2118 inneHus
1530 2093 1550 2116 a
1572 2079 1718 2132 patieti-

982 2146 1018 2175 te
1038 2134 1253 2181 dedue‘fflm,
1271 2145 1440 2188 tempore
1460 2137 1590 2184 magis,
1603 2140 1718 2189 quam

981 2194 1262 2241 fignifioedone,
1274 2191 1438 2230 differre.
1452 2191 1544 2231 Phil.
1558 2205 1590 2234 2.
1608 2207 1637 2231 c.
1650 2204 1717 2246 29.

982 2250 1046 2288 De
1067 2263 1136 2302 quo
1155 2249 1292 2300 Caesar
1307 2250 1347 2287 in
1356 2249 1512 2298 senatu,
1532 2261 1658 2302 aperte
1676 2252 1720 2289 i'n

982 2317 1020 2345 te
1047 2306 1233 2350 innehens,
1255 2305 1399 2360 questus
1417 2305 1480 2358 est.
1505 2306 1589 2346 Lib.
1611 2318 1646 2347 1.
1670 2305 1717 2346 de

982 2365 1071 2402 Nat.
1091 2363 1195 2401 deor.
1217 2376 1245 2402 c.
1259 2368 1326 2410 28.
1372 2362 1605 2402 Maritimus
1629 2363 1719 2403 Tri-

982 2430 1047 2460 ton
1076 2422 1252 2475 pingitur
1284 2418 1508 2458 natantibus
1544 2419 1720 2459 inuehem

984 2476 1130 2525 belluis,
1154 2474 1346 2515 adinnflis
1370 2474 1530 2514 humano
1559 2477 1718 2528 corpori.

983 2533 1158 2573 Eiusdem
1177 2533 1324 2582 generis
1342 2530 1435 2570 illud
1459 2534 1507 2570 est
1537 2534 1576 2570 in
1599 2535 1718 2572 Bruto
1763 2544 1769 2546 ”

984 2600 1090 2643 097.
1121 2592 1233 2630 Cuius
1252 2592 1294 2627 in
1324 2589 1626 2638 adolescentiam,
1648 2601 1719 2641 per

985 2647 1128 2686 medias
1150 2644 1282 2686 laudes
1304 2644 1416 2700 qltlfffi
1437 2645 1636 2701 quadrigis
1660 2658 1719 2682 ve-

984 2704 1142 2753 hentem,
1172 2703 1395 2751 transuersa
1421 2703 1588 2741 incurrit
1613 2699 1720 2752 mil}-

987 2775 1035 2800 ra
1054 2760 1218 2813 fortuna
1235 2756 1477 2811 reipublicae.
1570 2813 1607 2852 E
1651 2814 1657 2820 ἡ

1605 2827 1656 2852 ml
1683 2827 1721 2853 a·
