1863 3172
301 134 374 177 IN
402 134 514 177 clc.
552 136 745 181 EPIST.
783 140 917 182 FAM.
950 143 1061 184 LIB.
1083 145 1127 186 V.
1162 145 1352 188 EPIST.
1382 152 1481 193 XXI.

107 247 308 289 consensus
350 249 596 303 repudietur;
639 253 850 293 videndum

107 309 220 346 etiam
251 316 365 360 atque
399 308 525 355 etiam,
556 323 603 347 an
635 309 846 364 probabilis

104 362 235 416 aliqua
257 362 439 402 sententia
469 364 552 404 elici
579 368 708 419 potiit,
738 364 845 407 nullo

103 433 178 459 nee
197 417 322 461 deleto
345 421 480 469 verbo,
502 437 569 461 nec
591 435 748 464 mutato.
786 423 842 463 lta

101 476 210 523 mihi,
230 478 369 529 inquit,
399 491 455 525 ea,
491 493 588 532 quae
619 491 726 534 opto,
754 493 842 520 con·

101 534 250 582 tingant
273 536 401 573 onmia
424 539 652 586 communia,
670 547 710 577 vt
731 538 845 576 vehe-

99 602 248 629 menter
269 589 395 630 velim.
426 592 464 630 id
485 594 557 631 est}
584 595 636 633 ita
658 605 693 633 te
713 604 842 633 rerum

100 648 288 700 onmium,
338 661 432 701 quas
474 659 581 703 opto,
621 653 842 704 participem

97 703 273 751 habeam,
295 714 335 743 vt
358 704 429 744 effe
447 715 568 744 tecum
597 708 843 747 vehementer

101 760 227 800 veliin.
257 776 344 800 nant
363 760 411 800 ad
429 762 602 810 verbum,
614 768 840 812 communia,

98 816 299 865 subaudio,
317 828 464 857 tecum:
494 828 543 857 vvt
563 820 620 859 iic:
657 822 708 860 ita
745 822 839 860 mihi

99 886 223 914 tecum
238 875 468 922 communia,
489 889 587 928 quae
618 890 726 930 opto,
750 893 837 918 con-

99 934 246 981 tingant
272 934 412 977 omnia.
469 935 646 974 Occurrit
668 935 740 974 alia
759 935 837 975 sen-

98 989 232 1035 tentia,
250 1002 362 1040 quam
393 1004 471 1028 non
500 990 690 1031 occultare
723 995 838 1032 confi-

96 1044 192 1084 lium
215 1047 277 1084 est.
335 1048 391 1084 Ita
412 1048 507 1085 mihi
536 1062 596 1087 res
616 1044 748 1088 omnes
770 1064 838 1104 pu-

94 1101 231 1149 blicae,
273 1102 402 1156 quales
453 1114 560 1157 opto,
604 1110 836 1158 contingant.

95 1174 198 1207 nam,
218 1162 444 1208 communia,
465 1172 501 1201 et
526 1177 734 1204 communes
763 1179 838 1212 res,

96 1230 169 1270 pro
189 1215 351 1270 publicis
371 1218 485 1257 rebus
500 1222 629 1273 accipi,
652 1235 765 1261 nemo
780 1228 837 1270 (vt

95 1276 254 1327 opinor)
274 1273 433 1317 dubitat.
461 1275 576 1328 idque
590 1275 651 1315 vel
672 1278 744 1317 hoc
757 1283 840 1318 vno

95 1332 239 1370 constat
267 1330 455 1384 exemplo,
488 1332 593 1386 quod
614 1334 834 1375 obseruaui·

94 1401 178 1426 mus
204 1386 270 1427 lib.
289 1401 321 1429 ι.
341 1390 444 1441 epist.
468 1396 503 1438 8.
557 1390 619 1430 Ex
636 1390 765 1432 eodem
788 1392 836 1432 de

92 1445 303 1500 toto-statu
337 1459 468 1484 rerum
499 1451 751 1488 communium
778 1465 834 1490 co·

87 1503 265 1558 gnoseos.-
291 1515 388 1557 quae
406 1504 646 1556 qualesfi‘nt,
676 1520 750 1545 non
766 1506 835 1559 fa·

93 1559 168 1598 cile
191 1558 428 1614 eflscribere.
483 1561 719 1602 Communem
739 1577 835 1616 quo-

94 1629 170 1668 que
216 1629 306 1660 rem,
355 1613 449 1654 dixit
478 1615 542 1655 lib.
562 1627 602 1668 7.
638 1621 741 1672 epist.
769 1625 834 1670 28.

93 1673 359 1712 Communium
394 1672 670 1724 fortunarum,
706 1675 773 1716 lib.
799 1688 834 1729 5.

93 1731 196 1782 epist.
226 1741 284 1770 12.

92 1799 181 1824 rum
227 1785 426 1824 hominum
467 1786 650 1827 iudicium
691 1790 831 1830 refero.

59 1836 64 1840 l
91 1857 182 1881 nam
227 1841 306 1896 ipse
343 1840 439 1880 nihil
475 1844 643 1885 affirmo:
684 1857 832 1886 tantum

92 1901 238 1946 enitor,
269 1909 311 1938 vt
341 1910 512 1939 veterum
547 1899 738 1943 librorum
764 1919 830 1944 au-

90 1958 308 1998 &oritatem
333 1956 565 1996 conseruem.

149 2015 189 2054 V
185 2025 204 2053 t
222 2016 321 2054 enim
347 2024 457 2052 ERN.
488 2016 653 2063 Etenim,
673 2027 759 2056 cum
779 2018 830 2068 ςΙί

79 2072 145 2124 set
162 2070 303 2124 maio-r]
360 2069 454 2109 Aliis
482 2070 616 2125 placet,
640 2081 695 2112 'vt
717 2076 828 2124 enim,

90 2142 164 2182 pro
188 2133 349 2168 etenim:
386 2130 475 2179 quia
495 2129 541 2167 [ic
555 2129 695 2168 habent
715 2130 830 2183 pleri·

92 2199 167 2238 que
198 2194 345 2223 veteres
374 2182 476 2223 libri.
515 2184 724 2226 soloecismi
750 2187 829 2241 spe·

93 2244 165 2281 cies
184 2251 352 2295 apparet.
371 2240 463 2293 quid
481 2242 620 2282 refert?
637 2244 828 2298 inquiunt.

91 2313 205 2352 quam
222 2297 340 2337 multa
369 2309 565 2351 praeterea
593 2300 748 2340 huiusce
770 2315 829 2352 ge-

90 2358 192 2395 neris
212 2356 252 2393 in
273 2357 459 2394 Cicerone
480 2356 826 2409 deprehenduntur.

88 2415 160 2452 His
181 2414 309 2465 itaque
328 2411 550 2465 responderi
576 2413 728 2454 videtur
746 2413 822 2470 pos
826 2464 829 2468 ,

90 2469 148 2509 se:
174 2468 448 2516 soloecismum,
474 2471 498 2508 fi
515 2469 632 2510 modo
655 2469 746 2512 libri
765 2488 826 2513 ve-

88 2537 186 2566 teres
209 2528 249 2565 in
270 2541 316 2566 eo
335 2525 584 2576 consentiant,
606 2527 826 2570 ferendum:

87 2585 140 2622 {in
161 2581 283 2631 aliter,
305 2582 528 2623 tollendum.
567 2587 708 2638 itaque,
740 2601 826 2626 cum

47 2645 51 2647 “
85 2641 246 2679 habeam
270 2640 365 2679 duos
386 2652 533 2679 veteres
553 2640 688 2690 libros,
706 2654 826 2683 vnum

84 2700 140 2736 M.
162 2699 321 2737 Antonii
335 2696 480 2743 Maffei,
493 2711 572 2751 quo
592 2701 705 2738 etiam
717 2699 824 2749 olim,

86 2754 350 2793 commodante
361 2755 441 2792 eius
455 2753 823 2797 fratre'Bernardino

85 2811 294 2862 Cardinali,
315 2811 401 2851 vsus
419 2809 522 2858 suun
550 2812 713 2857 alterum
731 2816 765 2856 F
767 2813 823 2854 ul-

339 1731 425 1767 Hoc
453 1739 575 1768 totum
596 1731 642 1769 ad
666 1734 839 1772 erudito-⁴

1564 158 1647 205 3c7

905 258 960 295 vii
984 260 1120 307 Vrsini,
1154 261 1194 299 in
1223 264 1362 314 quibus
1387 266 1523 310 diserte
1553 270 1643 322 legi·

906 323 979 362 tur,
999 319 1161 356 etenim:
1187 317 1351 361 libenter
1369 324 1502 367 aufero
1522 327 1641 370 soloe-

903 370 1071 420 cismum,
1102 386 1138 415 et
1168 376 1421 427 integritatem
1453 386 1641 428 Cicerone

901 425 1054 476 dignam
1073 432 1240 471 restituo.

955 498 1008 537 Et
1027 500 1209 550 virorum,
1221 516 1258 543 ct
1275 508 1418 548 cim'um
1434 509 1639 568 bonorum]

900 553 1066 593 Differre
1088 567 1270 608 putantur
1288 561 1404 603 honus
1425 569 1497 615 vir,
1521 580 1558 610 et
1578 570 1642 612 bo«

899 625 969 650 nus·
1011 613 1118 651 ciuis.
1186 631 1300 668 quam
1356 620 1638 669 distinffi011en1

901 667 1131 708 ostendimus
1170 671 1233 713 lib.
1261 686 1292 716 Ι.
1325 679 1426 730 epist.
1450 692 1486 732 ε).
1522 685 1562 723 in
1592 700 1640 727 eo

900 724 986 764 loco
1001 742 1008 764 :
1038 727 1217 783 Eumque,
1231 745 1333 782 quem
1351 730 1489 776 honum
1507 742 1636 783 virum

885 783 1040 834 semper
1055 783 1246 841 habulffi't»
1269 788 1407 830 bonum
1428 798 1550 836 ciuem
1569 799 1637 854 csse

889 851 1108 892 pateretur.

952 927 1218 981 Iucundorum]
1277 933 1444 985 Bonitas,
1462 941 1633 986 iucundi-

893 993 962 1030 tas,
990 998 1111 1033 amor,
1133 985 1276 1026 caussae
1307 989 1412 1041 sunt,
1441 1011 1508 1037 cur
1535 1017 1634 1043 ante·

894 1054 990 1087 mus,
1011 1056 1162 1096 vnaque
1183 1043 1255 1083 ess'e
1275 1051 1483 1101 cupiamus.
1540 1073 1634 1114 pro-

895 1108 1023 1151 pterea
1039 1099 1146 1147 dixit,
1158 1100 1349 1152 honornm,
1368 1109 1632 1169 iucundorum,

893 1157 1106 1196 armantium
1125 1159 1209 1197 mei.
1231 1173 1328 1212 quae
1349 1168 1417 1204 tria
1437 1175 1635 1226 coniungit

895 1214 1007 1252 etiam
1028 1211 1144 1265 lib.9.
1177 1218 1278 1269 epist.
1302 1232 1370 1273 ²4·
1424 1225 1561 1270 Moneo
1581 1246 1633 1283 te,

892 1269 995 1325 quod
1006 1273 1200 1322 pertinere
1217 1273 1274 1313 ad
1297 1275 1405 1319 beate
1424 1285 1632 1332 vivendum

893 1327 1074 1374 arbitror,
1094 1338 1138 1366 vt
1156 1344 1239 1368 cum
1259 1333 1357 1372 viris
1374 1335 1630 1392 bonisfiucun·

891 1381 967 1431 dis,
986 1387 1204 1425 amantibus
1229 1391 1292 1428 τινί
1313 1394 1436 1434 vittas.

947 1468 1172 1523 Hominum]
1216 1474 1289 1512 Vir
1319 1486 1356 1515 et
1379 1478 1484 1522 homo
1503 1485 1630 1528 differ-

890 1539 946 1572 re,
965 1527 1074 1578 pauci
1096 1527 1276 1571 nesciunt.
1310 1533 1372 1572 hic
1400 1546 1538 1589 tamen,
1570 1545 1631 1584 ho-

889 1585 1048 1630 nn'num,
1064 1586 1192 1635 potuit
1213 1590 1353 1637 omitti,
1389 1605 1430 1633 vt
1450 1600 1627 1642 omifl'um

892 1640 943 1677 est
961 1638 1047 1678 loco
1063 1643 1236 1693 proxime
1250 1648 1408 1689 recitato
1428 1666 1471 1692 ex
1493 1659 1627 1708 episto-

890 1694 991 1741 laad
1018 1699 1184 1747 Paetum,
1213 1699 1275 1740 sed
1302 1704 1473 1748 additum
1496 1715 1546 1752 est
1575 1717 1626 1755 ob

888 1754 1147 1805 interpositam
1195 1759 1337 1800 ciuium
1380 1771 1628 1812 mentionem.

888 1824 989 1856 nam,
1005 1811 1028 1848 fi
1051 1810 1140 1851 esset
1157 1815 1346 1866 omissum,
1366 1821 1414 1860 ad
1437 1825 1537 1865 ciues
1559 1828 1628 1869 illa

888 1865 1136 1917 referrentur,
1155 1872 1416 1926 iucundorum,
1439 1893 1478 1921 et
1495 1899 1628 1926 aman-

887 1926 985 1963 tium
1031 1927 1113 1964 mei.
1165 1941 1248 1966 cum
1295 1933 1338 1971 sit
1384 1940 1521 1989 aptius,
1572 1946 1630 1982 iu·

886 1979 1096 2021 cunctorum
1108 1981 1311 2036 hominum,
1345 2003 1383 2032 et
1410 2000 1628 2041 amantium

886 2051 972 2078 met.

942 2123 1046 2163 Erat
1061 2139 1175 2172 newa,
1207 2130 1359 2182 quicum
1379 2131 1488 2185 ¹effi’m
1509 2138 1628 2180 liben-

883 2189 977 2227 ttus,
1001 2194 1116 2235 quum
1135 2193 1284 2235 tecum5
1320 2199 1358 2226 et
1383 2197 1519 2240 pauci,
1547 2199 1628 2248 qui·

884 2234 1039 2276 huscum
1058 2236 1158 2291 estem
1177 2256 1293 2295 aeque
1311 2244 1491 2303 libenter]
1530 2252 1623 2292 Satis

885 2293 1050 2332 modesta
1091 2298 1191 2335 ratio
1226 2302 1431 2352 captandae
1456 2306 1625 2349 beneuo-

884 2347 1033 2404 lentiae.
1066 2365 1144 2390 non
1166 2357 1267 2393 enim
1294 2361 1474 2399 omnibus
1492 2365 1625 2406 Mesci-

884 2408 1006 2454 nium,
1024 2406 1086 2447 sed
1104 2410 1288 2452 Mescinio
1308 2419 1498 2458 neminem
1520 2436 1624 2462 ante·

882 2462 970 2511 fert,
991 2478 1184 2519 comparat
1212 2482 1362 2522 paucos.
1397 2476 1450 2514 ita
1481 2481 1627 2520 vitatur

882 2518 961 2567 illa,
993 2535 1090 2574 quae
1118 2526 1270 2566 veritati
1301 2529 1414 2570 fidem
1444 2533 1622 2584 detrahit,

883 2577 1066 2625 ὗπερβολῆ,
1166 2584 1173 2595 “

940 2648 1029 2688 Alii
1052 2649 1294 2707 interierint]
1346 2659 1510 2710 Insignes
1537 2667 1622 2717 qui-

881 2702 981 2752 dem,
1000 2714 1037 2744 et
1064 2707 1289 2758 consulares,
1308 2715 1362 2753 M.
1394 2718 1621 2772 Calpurnius

880 2759 1059 2810 Bibulus,
1096 2765 1138 2802 L.
1169 2769 1371 2809 :Domitius
1402 2775 1620 2818 Ahenobar-

877 2818 963 2871 bus,
975 2821 1018 2859 L.
1026 2819 1232 2862 Cornelius
1251 2827 1449 2878 Lentulus,
1472 2834 1511 2872 P.
1525 2836 1621 2874 Len-

1521 2892 1622 2932 tulus
