1863 3172
258 87 327 129 ΙΝ
353 83 467 128 CIC.
496 83 686 125 EPIST.
713 83 853 124 PAM.
880 79 990 122 LIB.
1009 80 1059 121 11.
1088 77 1361 122 Ems'rJv.

1509 89 1589 134 15¹

58 203 120 241 ius
137 197 250 253 qfficii
266 196 429 254 catgffime
442 198 594 253 confert
611 200 652 238 in
671 195 970 238 beneuolentiam
980 195 1111 248 fitam.
1147 193 1265 238 Nihil
1282 194 1396 238 habet
1420 195 1589 253 epssola‚

59 256 162 312 quod
180 255 324 296 morale
347 270 422 297 non
427 254 504 310 stt.
558 254 697 295 Eodem
727 267 838 295 anno.

524 387 1116 429 EXPLANATIO.

59 480 236 565 Ittuenta
261 477 339 531 res]
395 480 445 518 Vt
472 493 557 517 cum
579 476 796 518 absentibus

120 545 312 587 tamquam
325 534 582 588 praesentibus
602 533 797 586 colloque-

60 604 202 631 remur.
281 593 448 631 Pertinet
474 593 546 631 huc
578 590 706 630 versus
732 588 797 628 ille

908 475 1024 532 ‚Quae
1043 472 1267 526 vrotzfintio]
1295 475 1351 514 Ita
1371 473 1470 525 lego,
1507 488 1592 515 cum

853 534 1018 584 antiquis
1041 531 1148 570 libris
1172 532 1364 576 omnibus,
1385 535 1496 570 etiam
1522 531 1594 572 illo

854 589 1041 636 Mediceo,
1053 591 1226 628 omnium
1236 589 1490 636 vetustiffimo,
1502 603 1598 637 non,

60 648 272 687 trochaicus
292 647 538 695 catalefficus,
568 662 589 686 a
610 644 798 699 Turpilio
855 656 897 685 vt
917 648 966 686 est
986 648 1027 685 in
1054 646 1344 693 recentioribus,
1376 659 1475 701 quae
1497 659 1599 687 nune

63 707 210 744 comico
236 705 281 744 de
312 704 522 744 litterarum
550 703 800 744 viciffitudine
846 704 988 756 J'entio.
1030 701 1150 751 Nolo,
1169 704 1310 756 inquit,
1334 700 1381 740 de
1400 701 1598 755 republica

62 761 245 816 prolatus
271 774 383 814 quem
404 763 534 800 recitat
559 763 690 801 beatus
712 762 802 799 Hie-

63 832 242 864 ronymus
263 819 303 857 in
328 819 431 872 epist.
449 829 518 870 42.

118 889 209 930 Sola
220 901 280 929 res
302 888 365 944 ss,
385 902 482 944 quae
494 888 659 928 homines
677 885 804 939 absen-

228 956 284 986 tes
301 945 522 998 praesentes
531 944 650 998 facit.
685 947 691 952 '

121 1016 311 1057 certiores
319 1014 559 1068 faceremus]
588 1015 805 1056 Monendus

62 1075 124 1115 hic
143 1075 194 1113 est
212 1071 347 1120 lector,
366 1075 544 1113 Latinum
566 1088 645 1112 non
665 1072 751 1120 effe,
767 1071 807 1111 id

63 1132 127 1179 est,
148 1129 393 1184 scriptoribus
422 1131 578 1184 optimis
611 1131 809 1176 vfitatum,

62 1190 265 1229 certiorem
293 1185 479 1228 reddere.-
516 1186 622 1240 quod
652 1187 808 1240 quibus-

66 1244 153 1284 dam
183 1242 337 1297 placuit.

125 1315 298 1357 Tuarum
318 1314 419 1354 enim
444 1327 576 1354 rerum
592 1311 808 1368 domestica-

66 1370 170 1424 rum]
209 1371 304 1410 Satis
331 1380 425 1419 erat,
463 1381 622 1411 tuarum
653 1382 810 1409 rerum.-

3 1439 10 1442 ·
67 1443 137 1468 nec
159 1426 242 1466 satis
264 1429 418 1477 constat,
438 1436 567 1467 vtrum
600 1440 624 1465 a
657 1428 809 1465 Cicero-

66 1499 128 1533 ne,
151 1498 199 1523 an
218 1485 266 1523 ab
283 1483 368 1525 aliis
391 1485 519 1538 postea
547 1483 725 1536 scriptum
752 1482 807 1528 fit,

67 1541 369 1596 domesticarum.
426 1540 497 1580 Sed
519 1541 591 1580 hoe
613 1539 698 1579 leue
716 1540 778 1578 est.

124 1612 363 1669 Magnopere
381 1609 593 1661 deleflant]
625 1613 734 1659 Qae
754 1618 808 1648 ta·

69 1682 159 1711 men
177 1668 271 1707 mihi
291 1678 509 1721 temporum
538 1669 637 1707 ratio
657 1668 783 1720 eripit.

125 1723 370 1776 Temporibus
387 1724 462 1775 his]
490 1723 547 1764 Ad
558 1726 715 1764 exitium
737 1723 810 1762 rei-

71 1779 245 1837 publicae
274 1780 541 1834 spec‘tantibus.
579 1794 649 1820 nec
675 1778 811 1820 fefellit

69 1839 287 1879 conicetura
313 1839 550 1878 Ciceronem.

129 1899 160 1934 A
183 1895 359 1936 Cicerone
381 1893 438 1935 nd
452 1894 669 1945 Curionem]
705 1895 811 1934 Inter

72 1966 169 2007 quos
185 1962 337 1991 mutuus
363 1965 493 1999 amor,
523 1961 560 1991 et
590 1950 731 1990 summa
757 1950 811 1990 fa-

71 2008 268 2050 miliaritas
296 2010 358 2056 est,
400 2007 504 2049 nulla
547 2009 704 2047 maioris
731 2022 813 2048 mo-

72 2067 192 2107 menti
227 2066 391 2115 negotia.
477 2065 664 2118 Emphafis
691 2067 742 2104 est
767 2067 810 2105 in

75 2123 311 2169 nominibus,
333 2132 374 2161 vt
395 2120 461 2162 lib.
477 2131 538 2174 15.
554 2122 657 2175 epist.
669 2133 709 2175 4.
738 2122 811 2161 cui

73 2181 211 2232 negari
229 2188 253 2217 α’
266 2178 405 2219 Catone
414 2178 483 2230 fas
505 2175 570 2233 effi
588 2192 660 2218 non
679 2187 782 2231 puto.

133 2237 179 2276 In
198 2234 262 2275 hoc
278 2233 432 2291 genere]
463 2237 507 2273 In
525 2236 598 2274 hoc
626 2234 672 2274 de
700 2248 811 2289 repu-

73 2290 172 2333 blica
190 2301 426 2341 argumento.
464 2290 653 2342 eleganter
670 2293 806 2332 Cicero

73 2348 243 2401 vsurpat,
268 2349 309 2387 in
327 2348 393 2389 hoc
405 2361 556 2405 genere,
573 2362 658 2402 pro,
679 2350 720 2388 in
731 2348 809 2397 boc,

76 2416 119 2445 vt
137 2406 239 2458 epist.
254 2416 289 2445 1.
317 2405 356 2445 Si
373 2406 414 2445 in
433 2418 474 2445 eo
488 2404 809 2462 genere-studium

76 2475 199 2504 meum
217 2474 291 2501 non
308 2461 568 2513 aspernabere.
593 2465 638 2502 Et
655 2464 757 2516 epist.
771 2465 809 2506 6.

78 2520 244 2571 Propter
279 2517 394 2570 ipsius
434 2520 672 2560 excellentem
698 2521 739 2559 in
770 2534 811 2559 eo

73 2588 216 2632 genere
239 2574 304 2615 vel
322 2576 514 2631 gratiam,
551 2577 617 2617 vel
650 2574 813 2634 diligen·

82 2642 191 2673 uam.

140 2689 246 2727 Haec
248 2701 343 2783 s{nea
364 2683 486 2743 emgffa
506 2687 575 2746 est]
610 2689 684 2729 Hic
704 2689 816 2728 status

83 2755 202 2786 meus·
224 2757 245 2783 e
277 2773 286 2783 .

859 759 1021 800 scribere
1045 773 1102 809 ea,
1123 773 1222 814 quae
1250 773 1329 799 non
1349 759 1489 813 probo.

921 845 1044 886 Velim
1064 839 1256 897 scribere]
1338 846 1433 885 Non
1471 844 1603 894 audet,

861 916 959 957 quae
992 902 1039 942 de
1075 900 1268 956 republica
1305 901 1429 950 sentit,
1463 900 1602 943 litteris

861 959 1055 1006 mandare,
1092 973 1142 998 ne
1169 957 1396 1006 Caesarem,
1430 969 1467 998 et
1495 962 1603 999 Pom·

861 1019 1004 1071 peium‚
1024 1018 1213 1070 principes
1226 1018 1339 1064 ciues,
1361 1017 1428 1056 fibi
1450 1019 1608 1066 amicos,

863 1073 1045 1122 offendat,
1080 1074 1105 1112 fi
1139 1075 1180 1111 in
1212 1072 1355 1112 alienas
1381 1087 1514 1112 manus
1546 1073 1608 1112 lit·

862 1142 967 1172 terae
1005 1129 1219 1170 inciderint.
1259 1131 1363 1184 epist.
1411 1129 1609 1184 sequentiz

862 1190 971 1229 Haec
992 1189 1144 1244 negotia
1162 1201 1235 1243 quo
1250 1186 1357 1227 modo
1363 1186 1411 1237 se
1428 1186 1610 1237 habeant,

862 1259 909 1285 ne
929 1243 1083 1300 epistola
1100 1242 1257 1300 quidem
1280 1258 1450 1284 narrare
1471 1246 1608 1285 audeo.

919 1329 979 1368 Ea
997 1328 1191 1380 clausula]
1277 1328 1392 1377 Qiod
1411 1327 1611 1382 epistolam

864 1383 1018 1432 claudit,
1046 1398 1088 1423 ac
1113 1385 1305 1433 terminat,
1332 1387 1506 1437 clausttla
1538 1399 1610 1425 vo·

865 1453 981 1482 catur.
1027 1443 1070 1479 Et
1093 1443 1254 1480 omnino
1274 1455 1402 1481 rerum
1433 1444 1611 1482 omnium

865 1501 964 1546 finis,
984 1498 1161 1550 clausula
1180 1499 1242 1536 est.
1270 1499 1401 1551 itaque
1420 1495 1538 1542 lib.‘6.
1559 1496 1610 1538 ad

865 1558 976 1597 Attic.
997 1556 1098 1608 epist.
1113 1566 1149 1607 3.
1188 1552 1372 1608 Claufida
1401 1555 1453 1609 est
1472 1553 1612 1609 difft'ct‘·

863 1614 914 1654 lis
932 1615 973 1652 in
991 1612 1180 1652 tradenda
1203 1613 1417 1664 prouincia.

921 1679 1174 1737 Adstudium
1182 1680 1358 1732 fiammae
1377 1680 1522 1735 laudis]
1549 1681 1609 1723 Ad

862 1738 1043 1779 tuendam
1062 1735 1415 1790 rempublicam,‘ex
1432 1753 1512 1794 quo
1528 1754 1608 1781 ma-

861 1806 926 1837 nat
944 1795 1089 1835 summa
1110 1790 1218 1845 laus}

920 1867 1068 1907 Grauis
1087 1864 1334 1916 aduersaria]
1413 1866 1473 1905 Sic
1500 1867 1605 1909 enim

858 1925 996 1972 nobis,
1025 1933 1066 1963 vt
1097 1937 1182 1961 cum
1217 1924 1405 1961 acerrimo
1433 1924 1606 1973 inimico,

863 1996 947 2020 cum
968 1978 1241 2034 exspectatione
1265 1978 1509 2032 pugnandum
1531 1983 1604 2023 est:

863 2039 910 2078 iis
927 2047 1074 2083 autem,
1104 2038 1172 2089 qui
1205 2034 1310 2075 nulla
1342 2039 1384 2075 in
1417 2036 1603 2092 exspefka·

863 2097 968 2135 tione
987 2094 1085 2141 sunt,
1101 2091 1188 2132 licet
1207 2092 1279 2132 effe
1298 2094 1439 2134 otiosis.

917 2176 1158 2220 Incredibilis
1188 2177 1379 2235 quaedam
1403 2175 1603 2231 exffi'ec‘la·

862 2235 935 2289 tio]
978 2234 1183 2276 Mediocris
1227 2237 1330 2274 enitn
1373 2232 1611 2289 exspetihxtio'

861 2292 1090 2334 mediocrem
1102 2292 1335 2340 industriam,
1347 2294 1605 2348 virtutemque

864 2347 1037 2404 postulat,
1057 2348 1119 2388 sed
1133 2347 1394 2388 incredibilem
1415 2351 1490 2389 fine
1504 2350 1602 2391 sum·

864 2421 925 2446 ma
941 2408 1082 2446 virtute
1093 2419 1206 2445 nemo
1224 2407 1361 2449 vincet.
1391 2407 1437 2445 fic
1448 2409 1549 2462 epist.
1566 2421 1603 2453 ι.

869 2465 997 2504 Tanta
1024 2463 1075 2520 est
1102 2461 1330 2515 exspee‘ffatio
1366 2465 1432 2504 vel
1465 2466 1601 2515 animi,

865 2526 931 2562 vel
957 2520 1102 2576 ingenii
1125 2522 1198 2560 tui.
1280 2522 1325 2558 In
1346 2523 1458 2560 tertia
1484 2537 1604 2565 vero:

867 2580 1021 2618 Summa
1046 2576 1148 2627 stite
1178 2579 1219 2616 in
1254 2577 1531 2629 exspefiatione
1563 2591 1605 2623 te

869 2630 947 2688 effe.
976 2635 1085 2686 Epist.
1116 2646 1150 2686 ς.
1175 2634 1379 2675 Μὶναόἱίἰτ
1401 2636 1453 2691 est
1478 2639 1605 2691 exspe-

871 2690 990 2732 elatio
1010 2688 1154 2730 reditus
1176 2694 1247 2731 tui.
1331 2694 1480 2741 Qibus
1511 2693 1605 2734 loci·

873 2747 1052 2787 omnibus
1079 2746 1127 2787 ad
1160 2749 1409 2800 excitandum,
1440 2766 1607 2794 commo-

936 2805 967 2846 Κ
995 2816 1024 2856 4
1414 2810 1610 2863 ,ιἐηάιιῐιι·
