1863 3172
292 115 361 157 IN
388 114 498 156 CIC.
524 111 716 155 EPIST.
745 114 880 155 FAM.
902 113 1015 157 LIB.
1035 113 1100 153 1v.
1135 112 1324 155 EPIST.
1352 115 1437 160 VII.

106 230 198 273 ilico
218 229 402 277 futurum,
419 239 460 269 vt
477 228 640 269 adessent
672 230 842 278 ingentes

107 279 277 342 peditum
297 288 543 339 equitumque
562 289 705 339 copiae.
737 285 842 338 quod

107 346 233 399 postea
254 357 332 382 non
349 345 540 396 praestitit.
555 342 670 396 lib.7.
685 344 786 396 epist.
805 352 841 390 3.
860 356 862 358 ’

106 402 243 455 Neque
260 413 421 456 magnas
438 403 578 454 copias,
604 404 721 456 neque
739 396 842 440 bella·-

104 457 220 511 “fies-

160 527 285 567 Genus
303 528 512 583 exercitus]
569 530 620 567 Ex
650 526 838 566 tironibus

41 618 49 623 .
104 597 240 634 magna
261 598 306 623 ex
339 596 445 639 parte
473 583 682 625 colled’mm.
710 582 776 623 lib.
797 594 840 635 7.

103 643 208 694 epist.
232 653 265 694 3.
313 643 454 698 ὃζξηη,
482 642 630 695 inquit,
657 640 782 680 tirone
803 648 842 678 et

102 697 307 739 colfeflitio
326 701 510 745 exercitu,
535 711 616 748 cum
636 696 842 750 legionibus

102 753 362 811 robtgsttffimis
379 754 553 795 contulit.

206 841 255 865 ua
301 827 343 865 in
370 827 570 876 sententia
605 839 663 866 me
704 836 846 878 quoque

102 882 232 937 suile]
272 883 484 922 Confirmat
523 882 624 920 idem
673 882 714 919 in
751 890 848 920 orat.

103 952 179 994 pro
199 937 382 978 Marcello
405 954 434 978 c.
448 939 488 982 6.
534 938 682 995 Nqstrt‘‚
707 937 847 990 inquit,

96 996 249 1050 sensus,
275 1006 320 1036 vt
336 998 376 1036 in
398 1008 490 1048 pace
498 996 663 1049 semper,
681 994 746 1046 sic
764 1005 847 1034 tum

106 1053 226 1093 etiam
254 1053 295 1091 in
325 1052 425 1093 bello
446 1051 716 1110 congruebant.

167 1123 234 1163 Ne
259 1118 494 1178 inte7·effl›m]
579 1125 678 1163 Cum
706 1120 849 1162 bellum

107 1178 371 1234 susciperetur.
410 1180 514 1220 ‘ideo
573 1180 667 1220 dixit
721 1178 786 1219 lib.
810 1181 849 1220 6.

110 1237 215 1291 epist.
250 1234 290 1276 6.
333 1237 552 1290 Susceptum
596 1237 739 1278 bellum
785 1233 849 1290 est,

108 1294 319 1348 qui-’scente
345 1307 428 1335 me:
472 1293 668 1347 depulsum
693 1306 742 1333 ex·
770 1292 850 1331 Ita-

110 1350 184 1396 lia,
205 1359 381 1390 manente
405 1363 473 1398 me,
490 1349 617 1406 quoad
631 1350 763 1404 potuis
806 1350 854 1386 Et.

108 1403 256 1450 Iib.16.
282 1408 385 1460 epist.
410 1417 470 1449 11.
523 1408 601 1461 Ego
617 1406 744 1448 adhuc
762 1419 852 1445 orae

111 1463 336 1504 maritimae
388 1463 560 1516 praqfiam
603 1478 628 1504 a
676 1463 852 1503 Formiis,

114 1520 288 1560 Nullum
306 1521 430 1560 maius
457 1522 649 1574 negqtium
659 1520 854 1571 suscipere

109 1577 229 1619 volui.
257 1587 293 1615 et
313 1575 379 1616 lib.
398 1588 439 1630 7.
469 1577 515 1615 ad
538 1579 646 1618 Attic.
675 1576 778 1630 epist.
793 1585 855 1616 ιι.

173 1646 350 1701 (ΓονζῘῐΙὶο,
386 1645 634 1702 auHoritate]
692 1644 858 1686 Eandem

111 1703 336 1745 sententiam
364 1702 446 1743 aliis
477 1705 604 1744 verbis
636 1704 857 1743 enunciauit

112 1761 181 1802 lib.
195 1764 234 1805 6.
272 1762 375 1815 epist.
398 1772 430 1802 1.

170 1818 261 1858 Cum
269 1819 340 1870 spe
361 1815 558 1869 vincendi]
645 1814 751 1854 Idem
770 1813 853 1854 aliis

115 1877 244 1916 verbis
275 1874 342 1927 lib.
352 1886 395 1927 7.
413 1876 514 1928 epist.
536 1884 572 1924 3.
606 1872 691 1912 Nec
704 1874 854 1924 putaui,

115 1935 258 1986 inquit,
303 1945 388 1972 cum
432 1931 578 1986 integri
618 1941 736 1982 pares
781 1941 855 1968 non

59 2009 62 2012 ’
111 1988 318 2046 suffultas,
331 1987 484 2040 fraHos
495 1988 716 2038 superiores
725 1984 825 2036 fore.

176 2046 390 2097 Sapientem
413 2054 452 2084 et
477 2040 639 2094 bonum]
697 2042 857 2088 Bonum,

117 2104 208 2157 quia
234 2098 379 2140 bellum
405 2098 516 2140 ciuile
539 2112 613 2152 pro
644 2096 783 2147 salute,
811 2098 860 2137 ad

117 2160 342 2209 dignitatem
376 2159 522 2210 patriae
563 2153 756 2208 suscipiat3
794 2155 860 2207 sa-

113 2219 289 2271 pientem,
307 2216 396 2268 quia
416 2215 578 2253 inuitus:
625 2225 710 2251 cum
738 2213 859 2252 exitus

121 2273 308 2313 vietoriae
329 2273 490 2310 maxime
515 2270 556 2308 fit
573 2270 751 2308 incertus.

179 2329 368 2368 Extrema
391 2326 553 2367 libenter
572 2339 644 2364 nort
666 2325 861 2381 perfiqui]

119 2387 171 2425 Vt
192 2386 232 2431 ii,
260 2386 327 2437 qui
368 2383 404 2423 se
434 2385 474 2421 in
503 2381 666 2421 Africam
697 2381 863 2422 contule-

121 2451 224 2481 runt.
307 2442 546 2493 Scipionem,
571 2440 772 2486 Catonem,
793 2442 862 2497 La5

121 2499 302 2544 bienum,·
328 2495 500 2549 aliosque
539 2496 727 2544 fignificat.
765 2510 863 2549 quos

125 2568 249 2606 neque
272 2552 487 2600 Marcellus,
508 2565 632 2604 neque
649 2552 785 2592 Cicero
811 2553 864 2592 se-

128 2614 205 2650 cuti
225 2610 322 2649 sunt.
342 2609 408 2648 li'n.
421 2621 458 2661 9.
482 2610 584 2662 epist.
600 2611 639 2649 6.

71 2718 74 2719 ⁷
180 2670 225 2707 ln
248 2667 450 2719 Africam]
489 2664 544 2703 Ad
567 2665 699 2704 Iubam
723 2678 865 2714 regem,

127 2726 217 2776 qui,
248 2724 417 2762 Curione
443 2719 752 2760 Caesarianarum
782 2736 865 2774 par-

124 2776 223 2823 'tium
270 2780 364 2819 duce
397 2776 612 2828 interficio,
653 2779 867 2833 equitatum

1551 119 1631 165 281

899 225 1179 275 firmiffimum‚'
1207 236 1244 266 et
1272 225 1492 282 elephantos
1519 226 1637 282 pluri-

898 298 980 324 mos
1015 284 1188 324 habebat.
1229 283 1317 323 ideo
1345 283 1536 325 stultitiam
1572 299 1641 325 eo-

898 355 998 387 rum,
1027 342 1093 393 qui
1135 341 1182 379 ad
1213 341 1415 380 bestiarum
1453 340 1639 382 auxilium

902 396 1165 446 confugerant,
1189 400 1308 451 carpit
1344 400 1478 438 Cicero
1513 396 1578 440 lib.
1598 411 1640 453 9.

897 455 1000 508 epist.
1021 456 1060 496 6.

952 508 1149 564 Medium]
1192 514 1242 550 Vt
1269 525 1392 564 neque
1411 509 1554 551 bellum
1581 527 1640 552 re-

897 579 1073 613 nouare5‚
1113 581 1238 620 neque
1284 570 1443 606 Romam
1481 570 1641 618 redires,

898 622 960 663 sed
980 624 1021 662 in
1041 622 1199 676 opidum
1228 622 1404 672 liberum,
1438 634 1475 663 et
1503 628 1550 666 ab
1585 641 1642 667 ar·

899 682 969 721 mis
989 690 1194 727 remotum,
1219 690 1254 719 te
1277 682 1478 734 reciperes.

966 752 1021 791 Vt
1048 750 1141 790 mihi
1159 749 1306 806 quidem
1323 750 1500 804 videtur]
1559 758 1644 794 Hoc

901 806 1129 862 interposuit
1172 807 1375 847 modestiae
1413 808 1555 858 caussa,
1594 826 1643 850 ne

902 863 1074 903 Marcelli
1088 862 1284 904 confilium
1307 864 1420 919 plane
1439 869 1644 921 reprehen-
1660 907 1661 910 ,

904 921 994 961 dere
1013 920 1200 961 videatur.

961 991 1170 1045 Fortunas]
1199 994 1366 1041 Veritus,
1396 1008 1457 1043 ne,
1493 1004 1644 1048 praeter

902 1048 993 1089 alias
1032 1048 1190 1097 caussas,
1233 1049 1306 1089 hoc
1343 1052 1456 1090 etiam
1486 1055 1645 1092 nomine

902 1105 1105 1148 Marcellus
1129 1104 1297 1146 exsulare
1317 1108 1506 1157 statuifl'et,
1539 1107 1647 1162 quod

904 1163 1146 1203 fortunarum
1166 1162 1317 1203 suarum
1343 1164 1647 1207 incolumitatem

906 1220 1141 1276 desperaret,
1188 1222 1331 1274 optime
1368 1221 1565 1262 Caesarem
1604 1225 1647 1264 in

906 1293 994 1318 eum
1022 1277 1093 1317 effe
1124 1279 1330 1318 animatum
1361 1280 1550 1329 fignificat,
1579 1294 1649 1320 nec

908 1333 1178 1381 dubitandum,
1210 1337 1303 1388 quii]
1343 1334 1424 1380 suas
1473 1336 1648 1377 fortunas

908 1393 1084 1433 obtinere
1108 1390 1228 1445 poffit.

965 1464 1082 1504 Penes
1101 1475 1210 1516 quem
1237 1462 1288 1516 est
1300 1462 1480 1518 potestas]
1569 1466 1649 1513 Qi

909 1517 1183 1573 rempublicam
1228 1529 1345 1558 tenet.
1383 1519 1478 1560 dixit
1516 1521 1659 1574 paullo

910 1577 1014 1630 post:
1043 1578 1110 1631 qni
1137 1577 1237 1616 loeus
1261 1575 1327 1616 hoc
1352 1575 1553 1617 dominatu
1582 1592 1651 1618 va-

910 1635 1006 1674 cat?
1037 1642 1087 1680 et,
1106 1634 1176 1688 qui
1196 1634 1323 1672 onmia
1349 1642 1473 1681 tenet,
1503 1635 1545 1672 in
1574 1637 1651 1688 epi-

911 1688 1002 1729 stola
1030 1688 1221 1742 sequenti:
1273 1692 1401 1729 omnia
1429 1688 1564 1730 delata
1597 1689 1654 1731 ad

909 1760 1028 1786 vnum
1034 1746 1146 1797 sunt,
1177 1746 1330 1800 epist.9.
1358 1748 1425 1802 qui
1436 1747 1652 1799 plurimum

904 1802 1033 1858 potest,
1056 1804 1159 1855 epist.
1176 1813 1237 1855 13.
1275 1804 1342 1858 qui
1367 1805 1572 1856 potiuntur
1596 1819 1656 1844 re-

908 1873 1007 1907 rum,
1027 1857 1093 1898 lib.
1110 1870 1144 1899 1.
1166 1861 1268 1912 epist.
1292 1866 1328 1908 8.

964 1929 1195 1978 Beneficium
1218 1944 1291 1969 non
1312 1928 1487 1983 putares]
1518 1934 1656 1971 Laten-

911 1997 968 2027 ter
988 1987 1176 2036 fignificat,
1194 1987 1220 2024 fi
1240 1985 1456 2034 Marcellus,
1476 1987 1656 2039 vtmulti‚

913 2044 1096 2083 veniama
1117 2042 1274 2083 Caesare
1293 2043 1387 2082 velit
1406 2053 1548 2096 petere,
1571 2047 1653 2084 eius

914 2100 1086 2140 fortunas
1107 2114 1239 2140 omnes
1266 2099 1351 2138 fore
1384 2099 1516 2140 saluas.
1547 2099 1655 2155 quod

916 2167 958 2197 vt
977 2155 1102 2204 faciat,
1127 2166 1256 2210 aperte
1280 2171 1359 2195 non
1380 2157 1576 2204 hortatum
1606 2173 1656 2198 ne

918 2215 1047 2264 magni
1062 2215 1181 2252 animi
1204 2215 1332 2251 virum
1349 2213 1539 2253 offendat:
1567 2215 1657 2255 hor-

919 2273 1074 2311 tationis
1095 2269 1220 2309 ausem
1240 2268 1339 2317 loco,
1352 2270 1562 2323 prudenter
1573 2271 1659 2313 sub·

920 2329 1043 2376 iungit
1061 2325 1175 2365 illud:
1216 2325 1261 2366 de
1280 2340 1352 2381 quo
1371 2327 1465 2380 quid
1477 2328 1659 2378 lbntiam,

921 2385 1023 2424 nihil
1048 2385 1194 2423 attinet
1228 2382 1378 2422 dicere:
1425 2398 1511 2424 cum
1542 2397 1659 2438 appa-

919 2452 1018 2487 reat,
1041 2441 1116 2492 ipse
1131 2438 1228 2494 quid
1231 2438 1408 2492 fecerim.
1435 2442 1531 2493 3¹³0st
1542 2442 1658 2482 Phar-

921 2495 1070 2535 salicam
1103 2498 1208 2535 enim
1243 2509 1428 2549 pugnam,
1457 2497 1596 2537 Caesar
1624 2510 1661 2538 et

920 2554 1102 2593 Ciceroni
1124 2564 1161 2591 et
1181 2550 1264 2591 aliis
1286 2555 1500 2601 ignouerat.

977 2607 1233 2662 Cogitandum
1273 2608 1348 2649 tibi
1381 2621 1515 2651 tamen
1554 2608 1662 2666 fft]

921 2667 1089 2705 Primum
1135 2679 1400 2716 argumentum
1447 2667 1596 2720 sumpsit
1640 2682 1663 2707 a

921 2722 1164 2762 fortunarum
1186 2722 1260 2775 spe,
1281 2721 1444 2763 alterum
1472 2725 1520 2763 ab
1541 2737 1662 2762 exem-

920 2778 988 2833 plo
1021 2778 1077 2819 sui
1113 2779 1216 2828 faeti,
1254 2782 1409 2822 tertium
1442 2794 1465 2819 a
1493 2779 1664 2820 Caesaris

979 2836 1000 2874 S
1031 2846 1053 2889 5
1504 2839 1664 2891 potesta·
