1863 3172
240 66 248 69 ’
306 83 373 124 IN
399 82 514 123 cm.
547 75 734 123 misr.
763 81 898 123 ΗΜ.
937 82 1048 124 Lm.
1068 82 1116 124 11.
1158 83 1349 124 εΡῐςτ.
1378 84 1445 127 111.

167 193 521 248 Declarandorum]
589 194 846 235 Ostendendo-

112 264 218 306 ium,
249 251 618 304 promittendorum:
650 262 692 291 vt
722 251 785 291 lib.
807 263 844 305 9.

108 309 209 361 epist.
224 313 260 354 8.
288 309 433 347 Munus
444 307 646 363 flagitare,
671 310 845 364 quamuis

109 366 193 419 quis
211 363 428 418 ostenderit,
454 380 500 404 ne
516 366 676 417 populus
691 362 844 420 quidem

95 419 210 471 solet,
232 420 313 474 nist
340 423 560 461 concitatus.

161 518 391 568 Mmzerum]
422 521 583 558 Munera
606 515 752 571 populo
781 516 845 555 da-

104 571 208 622 bant,
227 576 384 624 gratiam
404 578 483 614 ejus
505 579 745 627 aucupantes,
757 588 841 613 cum

104 629 164 669 vel
187 630 436 679 gladiatorum
460 633 663 671 certamina
686 632 842 684 praebe-

103 699 201 734 rent,
222 688 283 728 vel
306 702 480 727 nummos
511 687 751 735 diuiderent,
779 686 842 727 vcl

107 743 262 800 epulum
295 745 447 792 darent,
475 755 541 784 aut
569 743 714 797 aliquid
745 745 842 783 eius-

107 801 224 842 modi.
308 803 428 841 Curio
461 802 501 839 in
538 801 691 842 funebri
724 805 840 855 patris

107 872 277 905 munere,
298 868 448 912 praeter
473 868 595 898 cetera
611 889 623 907 ‚
649 857 758 897 ludos
781 858 842 897 de-

104 913 169 961 dit,
190 925 226 953 ct
249 916 290 953 in
312 916 358 953 iis
380 915 603 968 pantheras:
632 926 673 954 vt
703 914 840 968 scripsit

101 970 257 1010 Coelius
279 970 343 1011 lib.
359 977 394 1020 3.
423 972 527 1024 epist.
548 975 586 1015 6.
607 983 643 1012 et
666 984 709 1026 7,
737 971 840 1011 dedit

101 1029 216 1066 etiam
237 1026 496 1083 admirandam
514 1027 630 1077 illam,
656 1043 753 1082 quae
765 1043 840 1068 am·

99 1084 305 1138 phitheatri
325 1083 489 1124 formam
504 1083 655 1133 faceret,
676 1085 840 1136 ligneam

99 1142 322 1190 machinam,
341 1141 387 1180 de
411 1155 486 1195 qua
518 1141 660 1182 Plinius
687 1141 752 1183 lib.
774 1143 838 1194 36.

99 1213 130 1237 c.
146 1211 209 1251 15.
248 1198 310 1238 sed
351 1196 577 1252 plerumque
611 1198 837 1249 gladiatores

99 1255 300 1303 dabantur,
322 1270 537 1308 munusque
568 1255 836 1306 gladiatorium

98 1313 305 1353 dicebatur.
324 1313 433 1366 Epist.
447 1315 484 1355 6.
517 1313 838 1370 magnificentiam

96 1383 306 1418 mimeram,
333 1368 430 1408 dixit
460 1368 506 1407 de
547 1368 645 1408 ludis
673 1368 836 1416 scenicis,

98 1438 136 1466 et
154 1439 312 1465 munere
340 1423 568 1475 gladiatorio
597 1423 767 1466 Milonis.
796 1428 836 1464 in

99 1493 194 1522 orat.
214 1497 285 1537 pro
304 1484 430 1522 Sextio
455 1497 483 1521 c.
504 1490 568 1536 58.
596 1496 731 1522 munus
761 1484 836 1522 Sci-

90 1540 216 1593 pionis·
245 1538 291 1578 de
326 1537 599 1588 gladiatoribus
630 1539 746 1579 dixit:
795 1550 833 1579 et

41 1594 45 1598 ’
96 1595 255 1644 addidit,
275 1610 321 1634 eo
341 1594 540 1650 spe&aciili
572 1610 710 1645 genere
736 1594 832 1635 mul-

94 1652 297 1693 titudinem
317 1655 477 1692 maxime
496 1651 687 1692 deice-tari.
716 1653 832 1699 Ἀγῶ-

96 1729 137 1749 πι
178 1717 402 1757 μουομκχίκς,
433 1709 538 1762 quod
571 1712 623 1748 est
646 1709 830 1760 fingulare

92 1777 294 1814 certamen,
317 1768 451 1806 Graeci
467 1777 616 1806 vocant.
643 1769 829 1822 interpres

93 1826 236 1865 Dionis
262 1825 439 1877 imperite
467 1825 584 1862 vertit
609 1824 717 1863 ludos
746 1826 830 1878 gla-

91 1879 300 1921 dirztorios:
314 1894 398 1919 cum
417 1882 578 1919 omnino
598 1893 619 1917 a
639 1879 737 1920 ludis
753 1879 829 1931 gla-

93 1937 258 1978 diatores
282 1936 438 1977 differre
456 1938 610 1976 constet.

149 2038 239 2077 Non
264 2035 346 2090 effl’t
362 2039 573 2092 integrum]
603 2041 666 2085 Vt,
687 2037 713 2076 fi
735 2051 822 2076 con-

88 2093 208 2134 filium
236 2095 404 2134 nostrum
438 2094 643 2148 probares,
677 2104 826 2134 mutare

88 2150 309 2191 sententiam
327 2149 462 2205 posseS.
519 2150 733 2191 Verebatur
763 2152 826 2190 Ci-

88 2222 190 2255 cero,
209 2222 256 2246 ne
284 2208 507 2247 muneribus
543 2206 697 2254 dandis,
726 2208 823 2248 aeris

85 2263 202 2304 alieni
240 2262 449 2317 plurimum
480 2263 600 2303 Curio
630 2265 824 2304 contrahe-

85 2332 157 2369 ret,
175 2334 300 2373 eoque
317 2323 479 2368 madius,
491 2319 623 2360 omiss'a
643 2320 822 2374 reipubli-

86 2392 151 2416 cae
171 2376 303 2424 caussa,
328 2392 410 2423 cum
440 2378 627 2432 improbis
660 2379 820 2426 ciuibus,

84 2436 322 2486 maximeque
354 2449 437 2485 cum
466 2433 636 2481 Caesare,
671 2434 821 2474 societa-

85 2504 176 2538 tem,
197 2491 308 2529 bonis
330 2490 538 2539 exitiosam,
563 2494 693 2530 coiret.
712 2492 816 2544 quod

84 2550 137 2588 ita
158 2549 326 2596 contigit,
349 2558 391 2587 vt
417 2546 526 2601 supra
547 2547 788 2589 ostendimus.

137 2632 252 2689 {flam
273 2631 478 2684 rationem]
525 2635 609 2681 Qla
640 2642 679 2671 tu
701 2633 817 2672 addu-

84 2691 179 2741 ἕως,
206 2688 328 2728 danda
356 2689 448 2728 haec
476 2688 622 2743 populo
660 2704 816 2729 munera

81 2747 276 2787 existimas.

1561 96 1642 138 149

961 195 1110 249 Meam]
1142 199 1226 246 Qia
1253 197 1348 236 mihi
1376 209 1454 235 non
1475 198 1640 250 proban-

903 263 966 291 tur
985 253 1204 292 huiusmodi
1238 267 1407 293 munera.
1490 256 1533 292 Et
1552 252 1638 293 sane

900 307 1015 350 lib.2.
1045 309 1091 348 de
1121 311 1228 349 offic.
1257 325 1286 350 c.
1305 315 1366 353 16.
1391 313 1637 364 pecuniarum

901 365 1098 405 effusiones
1131 367 1179 405 ad
1221 366 1503 407 multitudinem
1535 364 1636 407 dele·

899 422 1099 470 niendam,
1129 438 1197 462 nec
1227 426 1294 471 iis,
1321 438 1487 477 quorum
1515 423 1635 464 caussa

898 480 1006 525 fiunt,
1027 494 1094 518 nec
1115 482 1176 527 iis,
1208 493 1228 518 a
1257 482 1395 532 quibus
1421 483 1535 528 fiunt,
1567 482 1636 521 ho-

897 538 1094 584 norfficas,
1132 533 1261 575 multis
1301 539 1428 578 verbis
1462 537 1636 579 ostendit.

895 595 985 633 Duo
1008 594 1117 643 sunt,
1154 594 1303 646 inquit,
1325 607 1471 649 genera
1512 596 1637 651 largo-

896 664 1007 690 rum:
1031 664 1191 705 quorum
1211 651 1346 697 alteri,
1369 652 1541 708 prodigi5
1579 652 1636 692 al-

896 709 987 754 teri,
1005 707 1197 747 liberales.
1255 705 1430 763 Prodigi,
1464 710 1530 762 qui
1550 717 1636 759 epu·

895 763 957 810 lis,
978 775 1017 804 et
1037 762 1363 814 viscerationibus,
1391 775 1427 803 et
1440 763 1638 820 gladioto-

898 835 985 860 rum
1007 819 1237 867 muneribus,
1258 821 1446 869 ludorum,
1469 822 1636 861 venatio·

897 891 1058 933 numque
1076 888 1268 930 apparatu
1279 878 1463 930 pecunias
1474 878 1637 931 profun-

897 932 994 975 dunt
1014 936 1053 972 in
1068 938 1213 983 eas'res,
1233 948 1394 991 quarum
1411 937 1635 975 memoriam

897 1002 969 1032 aut
1002 989 1162 1040 breuem,
1194 1003 1264 1034 aut
1298 992 1447 1032 nullam
1485 993 1634 1035 omnino

883 1048 972 1102 sint
1003 1048 1184 1087 reliauri.
1268 1047 1466 1088 Liberales
1496 1058 1635 1097 autem,

896 1106 962 1161 qui
981 1103 1063 1156 suis
1073 1104 1334 1156 facultatibus
1364 1115 1434 1144 aut
1461 1115 1590 1158 captos
1607 1118 1634 1145 a

890 1161 1146 1214 praedonibus
1163 1159 1372 1207 redimunt,
1383 1172 1451 1202 aut
1468 1176 1532 1202 aes
1542 1162 1636 1202 alie·

894 1233 984 1257 num
996 1217 1215 1270 suscipiunt
1239 1222 1462 1266 amicorum,
1498 1228 1568 1259 out
1589 1218 1633 1258 in

882 1273 1065 1325 filiarum
1084 1275 1327 1315 collocatione
1349 1275 1553 1322 adiuuant,
1565 1284 1637 1314 aut

891 1331 1137 1382 opitulantur
1170 1332 1236 1371 vel
1260 1336 1302 1371 in
1329 1323 1373 1371 r⁶e
1400 1331 1634 1388 quaerenda,

890 1387 954 1426 vel
974 1385 1160 1441 augenda.
1219 1388 1357 1444 Itaque
1375 1390 1508 1436 miror,
1538 1385 1638 1441 quid
1658 1390 1662 1395 “

890 1444 931 1482 in
951 1454 1114 1484 mentem
1133 1445 1283 1484 venerit
1307 1443 1570 1499 Theophrasto,
1589 1445 1634 1483 in
1696 1460 1698 1463 ·

891 1514 932 1540 eo
950 1501 1064 1547 libro,
1083 1513 1193 1554 quem
1212 1499 1259 1540 de
1279 1499 1435 1540 diuitiis
1443 1492 1633 1554 fi‘ripfit:

889 1557 931 1595 in
951 1571 1023 1614 quo
1045 1558 1171 1597 multa
1189 1557 1411 1610 praeclar&
1438 1556 1540 1597 illud
1567 1556 1632 1596 ab·

878 1610 1013 1665 fitrde.
1095 1613 1160 1669 Est
1188 1615 1290 1653 enim
1315 1613 1459 1653 multus
1487 1613 1529 1652 in
1547 1613 1634 1653 lau·

885 1669 1016 1710 danda
1037 1669 1332 1726 magnificentia,
1358 1680 1397 1709 et
1412 1669 1632 1722 apparatio-

884 1740 930 1766 ne
943 1727 1191 1780 populnrium
1217 1740 1440 1766 munerum:
1471 1727 1628 1766 talium-

885 1784 1188 1838 questmtptnum-
1194 1780 1628 1836 facultatem,fruflum

883 1839 1115 1880 diuitiarum
1123 1851 1251 1892 putot.
1294 1839 1402 1879 Mihi
1417 1851 1542 1879 autem
1559 1839 1627 1880 ille

877 1896 1035 1949 fruHus
1050 1897 1312 1943 liberalitatis,
1329 1898 1432 1936 cuim
1453 1896 1624 1948 exempla

879 1965 1008 2005 pauca
1017 1953 1140 2006 pofiti,
1165 1953 1285 1993 multo
1308 1965 1343 1992 et
1366 1954 1492 1991 maior
1519 1954 1624 1994 vide-

876 2021 962 2059 tur,
980 2022 1015 2050 et
1033 2012 1184 2054 certior.
1220 2019 1258 2049 et
1280 2023 1378 2062 quae
1398 2008 1619 2064 sequuntur.

932 2122 1163 2178 Displicere]
1214 2123 1324 2161 Putat
1351 2122 1489 2162 Cicero
1517 2121 1619 2162 futu-

879 2195 979 2228 rum,
1000 2190 1041 2219 vt
1058 2177 1264 2231 aliquando
1290 2180 1499 2218 Curionem
1524 2192 1616 2232 poe·

878 2240 998 2277 niteat
1009 2250 1141 2283 corum
1153 2235 1381 2288 sumptuum,
1397 2249 1493 2288 quos
1505 2237 1547 2275 in
1554 2237 1615 2276 his

878 2293 1100 2334 muneribus
1121 2292 1266 2332 fecerit.
1293 2306 1361 2331 nec
1388 2292 1498 2332 aliter
1520 2294 1615 2332 ceci-

878 2351 944 2390 dit.
975 2365 1074 2397 nam,
1095 2363 1192 2397 cuin,
1211 2350 1429 2402 praestituta
1451 2348 1525 2397 die,
1535 2362 1615 2389 cre·

875 2409 1063 2447 <litoribus
1085 2405 1157 2446 suis
1170 2407 1289 2444 Curio
1310 2404 1520 2445 satisfacere
1530 2420 1612 2446 non

874 2462 1006 2518 posset,
1023 2461 1371 2509 interkalationem‚
1389 2461 1428 2502 id
1455 2464 1505 2504 est
1522 2477 1610 2516 pro-

873 2520 1111 2570 rogationem
1148 2520 1353 2572 temporis‚
1382 2534 1402 2557 a
1421 2521 1612 2561 Pontifici·

872 2580 943 2618 bus
963 2578 1094 2630 petiit:
1140 2590 1253 2629 quam
1291 2590 1376 2618 cum
1406 2590 1484 2615 non
1510 2577 1609 2615 obti-

873 2633 1020 2680 unisset,
1041 2632 1185 2672 addixit
1205 2631 1252 2679 se,
1273 2631 1451 2685 suamque
1465 2632 1609 2672 senten-

874 2694 963 2731 tiam
996 2690 1168 2735 Caesari,
1199 2687 1344 2727 deserto
1374 2688 1608 2743 reipublicae

871 2748 1099 2801 patrocinio,
1126 2745 1190 2785 lib.
1207 2752 1243 2794 3.
1268 2746 1370 2799 epist.
1385 2757 1423 2799 9.

927 2806 958 2844 K
990 2814 1012 2856 3
1558 2801 1607 2840 In
