<?xml version="1.0" encoding="UTF-8"?>
<!DOCTYPE html PUBLIC "-//W3C//DTD XHTML 1.0 Transitional//EN"
    "http://www.w3.org/TR/xhtml1/DTD/xhtml1-transitional.dtd">
<html xmlns="http://www.w3.org/1999/xhtml" xml:lang="en" lang="en">
 <head>
  <title>
</title>
<meta http-equiv="Content-Type" content="text/html;charset=utf-8" />
  <meta name='ocr-system' content='tesseract 3.04.00' />
  <meta name='ocr-capabilities' content='ocr_page ocr_carea ocr_par ocr_line ocrx_word'/>
</head>
<body>
  <div class='ocr_page' id='page_1' title='image "./commentariusinmt01manuuoft_0080.png"; bbox 0 0 1863 3172; ppageno 0'>
   <div class='ocr_carea' id='block_1_1' title="bbox 158 148 212 197">
    <p class='ocr_par' dir='ltr' id='par_1_1' title="bbox 158 148 212 197">
     <span class='ocr_line' id='line_1_1' title="bbox 158 148 212 197; baseline 0.093 -5"><span class='ocrx_word' id='word_1_1' title='bbox 158 148 212 197; x_wconf 82' lang='lat'>68</span> 
     </span>
    </p>
   </div>
   <div class='ocr_carea' id='block_1_2' title="bbox 160 256 911 424">
    <p class='ocr_par' dir='ltr' id='par_1_2' title="bbox 160 256 911 424">
     <span class='ocr_line' id='line_1_2' title="bbox 160 256 909 307; baseline -0.013 -6"><span class='ocrx_word' id='word_1_2' title='bbox 160 260 292 306; x_wconf 84' lang='lat' dir='ltr'>verba,</span> <span class='ocrx_word' id='word_1_3' title='bbox 319 257 421 298; x_wconf 85' lang='lat' dir='ltr'>idem</span> <span class='ocrx_word' id='word_1_4' title='bbox 449 256 709 306; x_wconf 80' lang='lat' dir='ltr'>fignificantia.</span> <span class='ocrx_word' id='word_1_5' title='bbox 741 266 821 307; x_wconf 93' lang='lat' dir='ltr'>quo</span> <span class='ocrx_word' id='word_1_6' title='bbox 848 266 909 303; x_wconf 88' lang='lat' dir='ltr'>ge·</span> 
     </span>
     <span class='ocr_line' id='line_1_3' title="bbox 160 310 911 364; baseline -0.011 -7"><span class='ocrx_word' id='word_1_7' title='bbox 160 331 253 357; x_wconf 85' lang='lat' dir='ltr'>nere</span> <span class='ocrx_word' id='word_1_8' title='bbox 274 315 441 355; x_wconf 81' lang='lat' dir='ltr'>abundat</span> <span class='ocrx_word' id='word_1_9' title='bbox 457 315 618 360; x_wconf 79' lang='lat' dir='ltr'>Cicero,</span> <span class='ocrx_word' id='word_1_10' title='bbox 649 310 767 364; x_wconf 88' lang='lat' dir='ltr'>idque</span> <span class='ocrx_word' id='word_1_11' title='bbox 802 319 911 350; x_wconf 80' lang='lat' dir='ltr'>notat</span> 
     </span>
     <span class='ocr_line' id='line_1_4' title="bbox 163 370 698 424; baseline -0.011 -11"><span class='ocrx_word' id='word_1_12' title='bbox 163 370 454 424; x_wconf 67' lang='lat' dir='ltr'>QinGtilianuS.</span> <span class='ocrx_word' id='word_1_13' title='bbox 467 370 533 410; x_wconf 88' lang='lat' dir='ltr'>lib.</span> <span class='ocrx_word' id='word_1_14' title='bbox 546 380 585 422; x_wconf 84' lang='lat'>9.</span> <span class='ocrx_word' id='word_1_15' title='bbox 616 382 647 407; x_wconf 88' lang='lat' dir='ltr'>c.</span> <span class='ocrx_word' id='word_1_16' title='bbox 661 380 698 422; x_wconf 87' lang='lat'>3.</span> 
     </span>
    </p>
   </div>
   <div class='ocr_carea' id='block_1_3' title="bbox 163 437 933 1856">
    <p class='ocr_par' dir='ltr' id='par_1_3' title="bbox 163 437 919 940">
     <span class='ocr_line' id='line_1_5' title="bbox 219 437 912 501; baseline -0.007 -18"><span class='ocrx_word' id='word_1_17' title='bbox 219 445 335 501; x_wconf 56' lang='lat' dir='ltr'>‚nge</span> <span class='ocrx_word' id='word_1_18' title='bbox 368 440 521 498; x_wconf 78' lang='lat' dir='ltr'>quidem</span> <span class='ocrx_word' id='word_1_19' title='bbox 561 453 643 482; x_wconf 82' lang='lat' dir='ltr'>mea</span> <span class='ocrx_word' id='word_1_20' title='bbox 683 437 912 490; x_wconf 79' lang='lat' dir='ltr'><em>cohortatio]</em></span> 
     </span>
     <span class='ocr_line' id='line_1_6' title="bbox 163 495 913 554; baseline -0.007 -13"><span class='ocrx_word' id='word_1_21' title='bbox 163 501 362 554; x_wconf 83' lang='lat' dir='ltr'>Respicere</span> <span class='ocrx_word' id='word_1_22' title='bbox 382 507 536 552; x_wconf 85' lang='lat' dir='ltr'>oportet</span> <span class='ocrx_word' id='word_1_23' title='bbox 555 496 603 536; x_wconf 88' lang='lat' dir='ltr'>ad</span> <span class='ocrx_word' id='word_1_24' title='bbox 624 495 844 549; x_wconf 89' lang='lat' dir='ltr'>superiora;</span> <span class='ocrx_word' id='word_1_25' title='bbox 870 506 913 536; x_wconf 85' lang='lat' dir='ltr'>vt</span> 
     </span>
     <span class='ocr_line' id='line_1_7' title="bbox 166 554 913 606; baseline -0.011 -7"><span class='ocrx_word' id='word_1_26' title='bbox 166 556 437 606; x_wconf 82' lang='lat' dir='ltr'>intelligamus,</span> <span class='ocrx_word' id='word_1_27' title='bbox 462 555 553 593; x_wconf 80' lang='lat' dir='ltr'>duas</span> <span class='ocrx_word' id='word_1_28' title='bbox 574 568 634 593; x_wconf 87' lang='lat' dir='ltr'>res</span> <span class='ocrx_word' id='word_1_29' title='bbox 664 568 707 592; x_wconf 87' lang='lat' dir='ltr'>ea</span> <span class='ocrx_word' id='word_1_30' title='bbox 738 554 913 592; x_wconf 83' lang='lat' dir='ltr'>cohorta-</span> 
     </span>
     <span class='ocr_line' id='line_1_8' title="bbox 166 609 913 664; baseline -0.009 -9"><span class='ocrx_word' id='word_1_31' title='bbox 166 618 271 655; x_wconf 87' lang='lat' dir='ltr'>tione</span> <span class='ocrx_word' id='word_1_32' title='bbox 287 614 486 658; x_wconf 82' lang='lat' dir='ltr'>contineri,</span> <span class='ocrx_word' id='word_1_33' title='bbox 510 612 693 664; x_wconf 85' lang='lat' dir='ltr'>primum,</span> <span class='ocrx_word' id='word_1_34' title='bbox 720 617 761 648; x_wconf 88' lang='lat' dir='ltr'>vt</span> <span class='ocrx_word' id='word_1_35' title='bbox 783 609 913 650; x_wconf 88' lang='lat' dir='ltr'>elabo-</span> 
     </span>
     <span class='ocr_line' id='line_1_9' title="bbox 168 665 912 718; baseline -0.011 -6"><span class='ocrx_word' id='word_1_36' title='bbox 168 682 227 713; x_wconf 87' lang='lat' dir='ltr'>ret</span> <span class='ocrx_word' id='word_1_37' title='bbox 257 686 262 709; x_wconf 74' lang='lat' dir='ltr'>t</span> <span class='ocrx_word' id='word_1_38' title='bbox 285 669 431 710; x_wconf 81' lang='lat' dir='ltr'>entulus</span> <span class='ocrx_word' id='word_1_39' title='bbox 460 671 501 707; x_wconf 90' lang='lat' dir='ltr'>in</span> <span class='ocrx_word' id='word_1_40' title='bbox 528 667 649 716; x_wconf 81' lang='lat' dir='ltr'>gloria</span> <span class='ocrx_word' id='word_1_41' title='bbox 681 665 912 718; x_wconf 82' lang='lat' dir='ltr'>consequen-</span> 
     </span>
     <span class='ocr_line' id='line_1_10' title="bbox 172 723 915 776; baseline -0.011 -8"><span class='ocrx_word' id='word_1_42' title='bbox 172 729 243 771; x_wconf 86' lang='lat' dir='ltr'>da;</span> <span class='ocrx_word' id='word_1_43' title='bbox 266 727 415 772; x_wconf 89' lang='lat' dir='ltr'>deinde,</span> <span class='ocrx_word' id='word_1_44' title='bbox 438 740 484 764; x_wconf 92' lang='lat' dir='ltr'>ne</span> <span class='ocrx_word' id='word_1_45' title='bbox 513 727 740 776; x_wconf 85' lang='lat' dir='ltr'>cuiusquam</span> <span class='ocrx_word' id='word_1_46' title='bbox 769 723 915 762; x_wconf 86' lang='lat' dir='ltr'>iniuria</span> 
     </span>
     <span class='ocr_line' id='line_1_11' title="bbox 171 779 916 835; baseline -0.012 -9"><span class='ocrx_word' id='word_1_47' title='bbox 171 783 401 831; x_wconf 84' lang='lat' dir='ltr'><strong>debilitatus,</strong></span> <span class='ocrx_word' id='word_1_48' title='bbox 421 796 440 820; x_wconf 89' lang='lat' dir='ltr'>a</span> <span class='ocrx_word' id='word_1_49' title='bbox 460 781 736 835; x_wconf 77' lang='lat' dir='ltr'>praestantibus</span> <span class='ocrx_word' id='word_1_50' title='bbox 753 780 854 818; x_wconf 83' lang='lat' dir='ltr'>euris</span> <span class='ocrx_word' id='word_1_51' title='bbox 867 779 916 817; x_wconf 88' lang='lat' dir='ltr'>ad</span> 
     </span>
     <span class='ocr_line' id='line_1_12' title="bbox 170 835 919 888; baseline -0.011 -6"><span class='ocrx_word' id='word_1_52' title='bbox 170 841 332 884; x_wconf 77' lang='lat' dir='ltr'>humiles</span> <span class='ocrx_word' id='word_1_53' title='bbox 353 840 600 888; x_wconf 84' lang='lat' dir='ltr'>cogitationes</span> <span class='ocrx_word' id='word_1_54' title='bbox 630 839 801 875; x_wconf 86' lang='lat' dir='ltr'>animum</span> <span class='ocrx_word' id='word_1_55' title='bbox 827 835 919 875; x_wconf 83' lang='lat' dir='ltr'>deii-</span> 
     </span>
     <span class='ocr_line' id='line_1_13' title="bbox 176 902 259 940; baseline 0 -1"><span class='ocrx_word' id='word_1_56' title='bbox 176 902 259 940; x_wconf 86' lang='lat' dir='ltr'>ciat.</span> 
     </span>
    </p>

    <p class='ocr_par' dir='ltr' id='par_1_4' title="bbox 169 947 933 1856">
     <span class='ocr_line' id='line_1_14' title="bbox 229 947 918 1007; baseline -0.01 -12"><span class='ocrx_word' id='word_1_57' title='bbox 229 957 292 995; x_wconf 82' lang='lat' dir='ltr'>Ex</span> <span class='ocrx_word' id='word_1_58' title='bbox 310 953 446 1007; x_wconf 80' lang='lat' dir='ltr'>nostris</span> <span class='ocrx_word' id='word_1_59' title='bbox 470 952 615 992; x_wconf 80' lang='lat' dir='ltr'>euentis</span> <span class='ocrx_word' id='word_1_60' title='bbox 641 947 918 1002; x_wconf 75' lang='lat' dir='ltr'>communibus]</span> 
     </span>
     <span class='ocr_line' id='line_1_15' title="bbox 174 1008 920 1060; baseline -0.013 -6"><span class='ocrx_word' id='word_1_61' title='bbox 174 1012 280 1055; x_wconf 90' lang='lat' dir='ltr'>Idem</span> <span class='ocrx_word' id='word_1_62' title='bbox 319 1012 419 1050; x_wconf 89' lang='lat' dir='ltr'>enim</span> <span class='ocrx_word' id='word_1_63' title='bbox 467 1010 623 1057; x_wconf 86' lang='lat' dir='ltr'>contigit</span> <span class='ocrx_word' id='word_1_64' title='bbox 661 1008 816 1060; x_wconf 75' lang='lat' dir='ltr'>Vtrique</span> <span class='ocrx_word' id='word_1_65' title='bbox 851 1021 920 1046; x_wconf 84' lang='lat' dir='ltr'>no-</span> 
     </span>
     <span class='ocr_line' id='line_1_16' title="bbox 175 1064 919 1117; baseline -0.008 -9"><span class='ocrx_word' id='word_1_66' title='bbox 175 1074 301 1111; x_wconf 66' lang='lat' dir='ltr'>strum„</span> <span class='ocrx_word' id='word_1_67' title='bbox 322 1078 363 1106; x_wconf 88' lang='lat' dir='ltr'>vt</span> <span class='ocrx_word' id='word_1_68' title='bbox 383 1065 540 1106; x_wconf 82' lang='lat' dir='ltr'>eandem</span> <span class='ocrx_word' id='word_1_69' title='bbox 576 1066 777 1103; x_wconf 89' lang='lat' dir='ltr'>hominum</span> <span class='ocrx_word' id='word_1_70' title='bbox 809 1064 919 1117; x_wconf 83' lang='lat' dir='ltr'>perfi-</span> 
     </span>
     <span class='ocr_line' id='line_1_17' title="bbox 179 1122 920 1175; baseline -0.011 -9"><span class='ocrx_word' id='word_1_71' title='bbox 179 1127 279 1167; x_wconf 78' lang='lat' dir='ltr'>diam</span> <span class='ocrx_word' id='word_1_72' title='bbox 305 1133 341 1163; x_wconf 86' lang='lat' dir='ltr'>et</span> <span class='ocrx_word' id='word_1_73' title='bbox 371 1124 611 1175; x_wconf 88' lang='lat' dir='ltr'>iniquitatem</span> <span class='ocrx_word' id='word_1_74' title='bbox 646 1122 920 1173; x_wconf 82' lang='lat' dir='ltr'>experiremur.</span> 
     </span>
     <span class='ocr_line' id='line_1_18' title="bbox 177 1176 920 1236; baseline -0.013 -12"><span class='ocrx_word' id='word_1_75' title='bbox 177 1187 305 1236; x_wconf 75' lang='lat' dir='ltr'>itaque</span> <span class='ocrx_word' id='word_1_76' title='bbox 327 1182 456 1234; x_wconf 82' lang='lat' dir='ltr'>putaui</span> <span class='ocrx_word' id='word_1_77' title='bbox 491 1188 526 1218; x_wconf 89' lang='lat' dir='ltr'>te</span> <span class='ocrx_word' id='word_1_78' title='bbox 543 1176 843 1226; x_wconf 85' lang='lat' dir='ltr'>admonendum,</span> <span class='ocrx_word' id='word_1_79' title='bbox 872 1192 920 1216; x_wconf 88' lang='lat' dir='ltr'>ne</span> 
     </span>
     <span class='ocr_line' id='line_1_19' title="bbox 181 1233 922 1292; baseline -0.011 -12"><span class='ocrx_word' id='word_1_80' title='bbox 181 1243 355 1292; x_wconf 51' lang='lat' dir='ltr'>cuiquam</span> <span class='ocrx_word' id='word_1_81' title='bbox 393 1237 542 1290; x_wconf 86' lang='lat' dir='ltr'>posthac</span> <span class='ocrx_word' id='word_1_82' title='bbox 579 1233 690 1274; x_wconf 84' lang='lat' dir='ltr'>facile</span> <span class='ocrx_word' id='word_1_83' title='bbox 733 1234 922 1281; x_wconf 79' lang='lat' dir='ltr'>crederes,</span> 
     </span>
     <span class='ocr_line' id='line_1_20' title="bbox 181 1289 924 1345; baseline -0.008 -10"><span class='ocrx_word' id='word_1_84' title='bbox 181 1311 279 1338; x_wconf 75' lang='lat' dir='ltr'>neue</span> <span class='ocrx_word' id='word_1_85' title='bbox 296 1298 336 1334; x_wconf 89' lang='lat' dir='ltr'>in</span> <span class='ocrx_word' id='word_1_86' title='bbox 355 1293 455 1340; x_wconf 87' lang='lat' dir='ltr'>aliis,</span> <span class='ocrx_word' id='word_1_87' title='bbox 475 1292 536 1332; x_wconf 89' lang='lat' dir='ltr'>sed</span> <span class='ocrx_word' id='word_1_88' title='bbox 556 1293 597 1330; x_wconf 89' lang='lat' dir='ltr'>in</span> <span class='ocrx_word' id='word_1_89' title='bbox 627 1301 662 1330; x_wconf 90' lang='lat' dir='ltr'>te</span> <span class='ocrx_word' id='word_1_90' title='bbox 680 1289 786 1345; x_wconf 88' lang='lat' dir='ltr'>ipso,</span> <span class='ocrx_word' id='word_1_91' title='bbox 817 1302 853 1330; x_wconf 89' lang='lat' dir='ltr'>et</span> <span class='ocrx_word' id='word_1_92' title='bbox 882 1294 924 1331; x_wconf 87' lang='lat' dir='ltr'>in</span> 
     </span>
     <span class='ocr_line' id='line_1_21' title="bbox 182 1346 925 1402; baseline -0.008 -9"><span class='ocrx_word' id='word_1_93' title='bbox 182 1358 282 1401; x_wconf 77' lang='lat' dir='ltr'>cura,</span> <span class='ocrx_word' id='word_1_94' title='bbox 300 1351 559 1402; x_wconf 85' lang='lat' dir='ltr'>industriaque</span> <span class='ocrx_word' id='word_1_95' title='bbox 578 1358 641 1388; x_wconf 88' lang='lat' dir='ltr'>tua</span> <span class='ocrx_word' id='word_1_96' title='bbox 653 1346 756 1401; x_wconf 88' lang='lat' dir='ltr'>spem</span> <span class='ocrx_word' id='word_1_97' title='bbox 770 1362 925 1388; x_wconf 85' lang='lat' dir='ltr'>omnem</span> 
     </span>
     <span class='ocr_line' id='line_1_22' title="bbox 183 1405 926 1457; baseline -0.009 -6"><span class='ocrx_word' id='word_1_98' title='bbox 183 1410 388 1451; x_wconf 74' lang='lat' dir='ltr'>collocares</span> <span class='ocrx_word' id='word_1_99' title='bbox 406 1405 601 1457; x_wconf 82' lang='lat' dir='ltr'>augendae</span> <span class='ocrx_word' id='word_1_100' title='bbox 612 1405 803 1455; x_wconf 80' lang='lat' dir='ltr'>dignitatis</span> <span class='ocrx_word' id='word_1_101' title='bbox 826 1416 926 1445; x_wconf 78' lang='lat' dir='ltr'>tuae.</span> 
     </span>
     <span class='ocr_line' id='line_1_23' title="bbox 169 1462 929 1517; baseline -0.011 -8"><span class='ocrx_word' id='word_1_102' title='bbox 169 1481 353 1513; x_wconf 16' lang='lat' dir='ltr'>comnenh</span> <span class='ocrx_word' id='word_1_103' title='bbox 374 1466 544 1517; x_wconf 85' lang='lat' dir='ltr'>inquam,</span> <span class='ocrx_word' id='word_1_104' title='bbox 563 1462 725 1513; x_wconf 84' lang='lat' dir='ltr'>gloriam</span> <span class='ocrx_word' id='word_1_105' title='bbox 747 1464 794 1502; x_wconf 87' lang='lat' dir='ltr'>ab</span> <span class='ocrx_word' id='word_1_106' title='bbox 822 1465 929 1501; x_wconf 89' lang='lat' dir='ltr'>omni</span> 
     </span>
     <span class='ocr_line' id='line_1_24' title="bbox 185 1519 929 1574; baseline -0.009 -9"><span class='ocrx_word' id='word_1_107' title='bbox 185 1539 288 1571; x_wconf 81' lang='lat' dir='ltr'>eura,</span> <span class='ocrx_word' id='word_1_108' title='bbox 311 1523 494 1574; x_wconf 89' lang='lat' dir='ltr'>omnique</span> <span class='ocrx_word' id='word_1_109' title='bbox 515 1519 697 1559; x_wconf 81' lang='lat' dir='ltr'>industria</span> <span class='ocrx_word' id='word_1_110' title='bbox 720 1530 783 1559; x_wconf 86' lang='lat' dir='ltr'>tua</span> <span class='ocrx_word' id='word_1_111' title='bbox 811 1519 929 1559; x_wconf 82' lang='lat' dir='ltr'>velim</span> 
     </span>
     <span class='ocr_line' id='line_1_25' title="bbox 185 1576 930 1635; baseline -0.009 -13"><span class='ocrx_word' id='word_1_112' title='bbox 185 1581 387 1635; x_wconf 75' lang='lat' dir='ltr'>exspee&#39;teS,</span> <span class='ocrx_word' id='word_1_113' title='bbox 419 1579 576 1618; x_wconf 85' lang='lat' dir='ltr'>minime</span> <span class='ocrx_word' id='word_1_114' title='bbox 603 1576 772 1631; x_wconf 83' lang='lat' dir='ltr'>pendens</span> <span class='ocrx_word' id='word_1_115' title='bbox 800 1578 847 1617; x_wconf 90' lang='lat' dir='ltr'>ab</span> <span class='ocrx_word' id='word_1_116' title='bbox 868 1591 930 1616; x_wconf 88' lang='lat' dir='ltr'>eo-</span> 
     </span>
     <span class='ocr_line' id='line_1_26' title="bbox 188 1633 930 1687; baseline -0.009 -8"><span class='ocrx_word' id='word_1_117' title='bbox 188 1653 274 1680; x_wconf 84' lang='lat' dir='ltr'>rum</span> <span class='ocrx_word' id='word_1_118' title='bbox 298 1637 445 1682; x_wconf 79' lang='lat' dir='ltr'>officiis,</span> <span class='ocrx_word' id='word_1_119' title='bbox 465 1637 505 1674; x_wconf 90' lang='lat' dir='ltr'>in</span> <span class='ocrx_word' id='word_1_120' title='bbox 525 1648 621 1687; x_wconf 88' lang='lat' dir='ltr'>qnos</span> <span class='ocrx_word' id='word_1_121' title='bbox 647 1644 712 1673; x_wconf 89' lang='lat' dir='ltr'>tua</span> <span class='ocrx_word' id='word_1_122' title='bbox 739 1649 819 1673; x_wconf 87' lang='lat' dir='ltr'>non</span> <span class='ocrx_word' id='word_1_123' title='bbox 847 1633 930 1674; x_wconf 89' lang='lat' dir='ltr'>vul-</span> 
     </span>
     <span class='ocr_line' id='line_1_27' title="bbox 191 1691 930 1746; baseline -0.004 -12"><span class='ocrx_word' id='word_1_124' title='bbox 191 1697 294 1746; x_wconf 81' lang='lat' dir='ltr'>garia</span> <span class='ocrx_word' id='word_1_125' title='bbox 313 1694 448 1732; x_wconf 81' lang='lat' dir='ltr'>merita</span> <span class='ocrx_word' id='word_1_126' title='bbox 478 1694 709 1731; x_wconf 86' lang='lat' dir='ltr'>exstiterunt.</span> <span class='ocrx_word' id='word_1_127' title='bbox 755 1691 796 1730; x_wconf 92' lang='lat' dir='ltr'>id</span> <span class='ocrx_word' id='word_1_128' title='bbox 825 1691 930 1745; x_wconf 87' lang='lat' dir='ltr'>quod</span> 
     </span>
     <span class='ocr_line' id='line_1_28' title="bbox 192 1748 931 1802; baseline -0.003 -12"><span class='ocrx_word' id='word_1_129' title='bbox 192 1766 264 1802; x_wconf 87' lang='lat' dir='ltr'>ego</span> <span class='ocrx_word' id='word_1_130' title='bbox 284 1752 376 1790; x_wconf 84' lang='lat' dir='ltr'>meis</span> <span class='ocrx_word' id='word_1_131' title='bbox 396 1750 632 1802; x_wconf 88' lang='lat' dir='ltr'>temporibus</span> <span class='ocrx_word' id='word_1_132' title='bbox 661 1748 798 1788; x_wconf 87' lang='lat' dir='ltr'>didici:</span> <span class='ocrx_word' id='word_1_133' title='bbox 836 1763 931 1802; x_wconf 85' lang='lat' dir='ltr'>quo-</span> 
     </span>
     <span class='ocr_line' id='line_1_29' title="bbox 193 1805 933 1856; baseline -0.005 -7"><span class='ocrx_word' id='word_1_134' title='bbox 193 1824 280 1851; x_wconf 86' lang='lat' dir='ltr'>rum</span> <span class='ocrx_word' id='word_1_135' title='bbox 299 1808 500 1856; x_wconf 81' lang='lat' dir='ltr'>imaginem</span> <span class='ocrx_word' id='word_1_136' title='bbox 521 1805 636 1845; x_wconf 77' lang='lat' dir='ltr'>video</span> <span class='ocrx_word' id='word_1_137' title='bbox 654 1806 695 1844; x_wconf 92' lang='lat' dir='ltr'>in</span> <span class='ocrx_word' id='word_1_138' title='bbox 718 1806 831 1845; x_wconf 85' lang='lat' dir='ltr'>rebus</span> <span class='ocrx_word' id='word_1_139' title='bbox 846 1807 933 1845; x_wconf 88' lang='lat' dir='ltr'>tuis.</span> 
     </span>
    </p>
   </div>
   <div class='ocr_carea' id='block_1_4' title="bbox 197 1873 938 2094">
    <p class='ocr_par' dir='ltr' id='par_1_5' title="bbox 197 1873 938 2094">
     <span class='ocr_line' id='line_1_30' title="bbox 256 1873 934 1935; baseline -0.001 -18"><span class='ocrx_word' id='word_1_140' title='bbox 256 1876 403 1935; x_wconf 56' lang='lat' dir='ltr'>,Quibus</span> <span class='ocrx_word' id='word_1_141' title='bbox 419 1873 607 1928; x_wconf 81' lang='lat' dir='ltr'>crederes]</span> <span class='ocrx_word' id='word_1_142' title='bbox 659 1874 808 1915; x_wconf 88' lang='lat' dir='ltr'>Morale</span> <span class='ocrx_word' id='word_1_143' title='bbox 827 1891 934 1930; x_wconf 81' lang='lat' dir='ltr'>prae-</span> 
     </span>
     <span class='ocr_line' id='line_1_31' title="bbox 197 1931 938 1990; baseline -0.004 -14"><span class='ocrx_word' id='word_1_144' title='bbox 197 1946 363 1990; x_wconf 86' lang='lat' dir='ltr'>ceptum,</span> <span class='ocrx_word' id='word_1_145' title='bbox 382 1943 422 1973; x_wconf 81' lang='lat' dir='ltr'>vt</span> <span class='ocrx_word' id='word_1_146' title='bbox 456 1947 501 1972; x_wconf 87' lang='lat' dir='ltr'>ex</span> <span class='ocrx_word' id='word_1_147' title='bbox 531 1931 632 1971; x_wconf 90' lang='lat' dir='ltr'>malo</span> <span class='ocrx_word' id='word_1_148' title='bbox 668 1931 839 1973; x_wconf 81' lang='lat' dir='ltr'>eliciatur</span> <span class='ocrx_word' id='word_1_149' title='bbox 869 1935 938 1973; x_wconf 90' lang='lat' dir='ltr'>bo-</span> 
     </span>
     <span class='ocr_line' id='line_1_32' title="bbox 199 1990 937 2043; baseline -0.004 -10"><span class='ocrx_word' id='word_1_150' title='bbox 199 2007 312 2033; x_wconf 87' lang='lat' dir='ltr'>num:</span> <span class='ocrx_word' id='word_1_151' title='bbox 342 1991 489 2039; x_wconf 83' lang='lat' dir='ltr'>cognita</span> <span class='ocrx_word' id='word_1_152' title='bbox 519 1991 621 2028; x_wconf 89' lang='lat' dir='ltr'>enim</span> <span class='ocrx_word' id='word_1_153' title='bbox 650 1990 832 2043; x_wconf 86' lang='lat' dir='ltr'>perfidia,</span> <span class='ocrx_word' id='word_1_154' title='bbox 858 2005 937 2031; x_wconf 89' lang='lat' dir='ltr'>non</span> 
     </span>
     <span class='ocr_line' id='line_1_33' title="bbox 201 2047 708 2094; baseline -0.01 -3"><span class='ocrx_word' id='word_1_155' title='bbox 201 2050 273 2091; x_wconf 71' lang='lat' dir='ltr'>ess&#39;e</span> <span class='ocrx_word' id='word_1_156' title='bbox 305 2047 548 2094; x_wconf 84' lang='lat' dir='ltr'>credendum,</span> <span class='ocrx_word' id='word_1_157' title='bbox 565 2056 708 2086; x_wconf 87' lang='lat' dir='ltr'>monet.</span> 
     </span>
    </p>
   </div>
   <div class='ocr_carea' id='block_1_5' title="bbox 200 2115 943 2400">
    <p class='ocr_par' dir='ltr' id='par_1_6' title="bbox 200 2115 943 2400">
     <span class='ocr_line' id='line_1_34' title="bbox 256 2115 943 2175; baseline 0.001 -17"><span class='ocrx_word' id='word_1_158' title='bbox 256 2120 339 2175; x_wconf 65' lang='lat' dir='ltr'>Qui</span> <span class='ocrx_word' id='word_1_159' title='bbox 354 2118 441 2171; x_wconf 82' lang='lat' dir='ltr'>plus</span> <span class='ocrx_word' id='word_1_160' title='bbox 461 2115 601 2170; x_wconf 78' lang='lat' dir='ltr'>opibus,</span> <span class='ocrx_word' id='word_1_161' title='bbox 620 2118 753 2166; x_wconf 82' lang='lat' dir='ltr'>armis,</span> <span class='ocrx_word' id='word_1_162' title='bbox 767 2120 943 2170; x_wconf 80' lang='lat' dir='ltr'>potentia</span> 
     </span>
     <span class='ocr_line' id='line_1_35' title="bbox 201 2173 941 2228; baseline 0.001 -13"><span class='ocrx_word' id='word_1_163' title='bbox 201 2178 352 2227; x_wconf 80' lang='lat' dir='ltr'>valent]</span> <span class='ocrx_word' id='word_1_164' title='bbox 383 2173 535 2223; x_wconf 84' lang='lat' dir='ltr'>Caesar,</span> <span class='ocrx_word' id='word_1_165' title='bbox 566 2177 632 2228; x_wconf 88' lang='lat' dir='ltr'>qui</span> <span class='ocrx_word' id='word_1_166' title='bbox 662 2173 823 2214; x_wconf 83' lang='lat' dir='ltr'>Galliam</span> <span class='ocrx_word' id='word_1_167' title='bbox 855 2190 941 2216; x_wconf 84' lang='lat' dir='ltr'>cum</span> 
     </span>
     <span class='ocr_line' id='line_1_36' title="bbox 202 2231 942 2287; baseline 0.001 -16"><span class='ocrx_word' id='word_1_168' title='bbox 202 2234 368 2272; x_wconf 83' lang='lat' dir='ltr'>exercitu</span> <span class='ocrx_word' id='word_1_169' title='bbox 394 2231 701 2276; x_wconf 56' lang='lat' dir='ltr'>administrabam</span> <span class='ocrx_word' id='word_1_170' title='bbox 727 2234 942 2287; x_wconf 84' lang='lat' dir='ltr'>Pompeius,</span> 
     </span>
     <span class='ocr_line' id='line_1_37' title="bbox 202 2287 941 2339; baseline 0.001 -10"><span class='ocrx_word' id='word_1_171' title='bbox 202 2300 240 2329; x_wconf 86' lang='lat' dir='ltr'>et</span> <span class='ocrx_word' id='word_1_172' title='bbox 262 2288 424 2335; x_wconf 84' lang='lat' dir='ltr'>Crassus,</span> <span class='ocrx_word' id='word_1_173' title='bbox 444 2303 528 2327; x_wconf 86' lang='lat' dir='ltr'>cum</span> <span class='ocrx_word' id='word_1_174' title='bbox 543 2288 703 2327; x_wconf 81' lang='lat' dir='ltr'>Caesare</span> <span class='ocrx_word' id='word_1_175' title='bbox 725 2287 941 2339; x_wconf 84' lang='lat' dir='ltr'>sentientes,</span> 
     </span>
     <span class='ocr_line' id='line_1_38' title="bbox 200 2344 737 2400; baseline -0.002 -15"><span class='ocrx_word' id='word_1_176' title='bbox 200 2349 268 2400; x_wconf 88' lang='lat' dir='ltr'>qui</span> <span class='ocrx_word' id='word_1_177' title='bbox 286 2344 519 2385; x_wconf 86' lang='lat' dir='ltr'>consulatum</span> <span class='ocrx_word' id='word_1_178' title='bbox 545 2346 737 2395; x_wconf 82' lang='lat' dir='ltr'>gerebant.</span> 
     </span>
    </p>
   </div>
   <div class='ocr_carea' id='block_1_6' title="bbox 194 2413 942 2868">
    <p class='ocr_par' dir='ltr' id='par_1_7' title="bbox 194 2413 942 2700">
     <span class='ocr_line' id='line_1_39' title="bbox 256 2413 942 2468; baseline 0.004 -14"><span class='ocrx_word' id='word_1_179' title='bbox 256 2413 457 2468; x_wconf 67' lang='lat' dir='ltr'>Prof&#39;ecilse</span> <span class='ocrx_word' id='word_1_180' title='bbox 495 2426 649 2455; x_wconf 77' lang='lat' dir='ltr'>tantum</span> <span class='ocrx_word' id='word_1_181' title='bbox 682 2417 777 2456; x_wconf 77' lang='lat' dir='ltr'>mihi</span> <span class='ocrx_word' id='word_1_182' title='bbox 807 2416 942 2458; x_wconf 85' lang='lat' dir='ltr'>viden-</span> 
     </span>
     <span class='ocr_line' id='line_1_40' title="bbox 202 2471 940 2526; baseline -0.001 -12"><span class='ocrx_word' id='word_1_183' title='bbox 202 2473 288 2526; x_wconf 68' lang='lat' dir='ltr'>tur]</span> <span class='ocrx_word' id='word_1_184' title='bbox 319 2474 434 2524; x_wconf 85' lang='lat' dir='ltr'>Saepe</span> <span class='ocrx_word' id='word_1_185' title='bbox 454 2472 549 2511; x_wconf 85' lang='lat' dir='ltr'>mihi</span> <span class='ocrx_word' id='word_1_186' title='bbox 569 2485 648 2511; x_wconf 87' lang='lat' dir='ltr'>non</span> <span class='ocrx_word' id='word_1_187' title='bbox 678 2471 799 2525; x_wconf 86' lang='lat' dir='ltr'>placet</span> <span class='ocrx_word' id='word_1_188' title='bbox 820 2474 940 2513; x_wconf 81' lang='lat' dir='ltr'>Medi-</span> 
     </span>
     <span class='ocr_line' id='line_1_41' title="bbox 200 2527 941 2584; baseline 0.003 -15"><span class='ocrx_word' id='word_1_189' title='bbox 200 2544 286 2569; x_wconf 81' lang='lat' dir='ltr'>ceus</span> <span class='ocrx_word' id='word_1_190' title='bbox 308 2527 418 2575; x_wconf 83' lang='lat' dir='ltr'>liber,</span> <span class='ocrx_word' id='word_1_191' title='bbox 439 2538 480 2567; x_wconf 88' lang='lat' dir='ltr'>vt</span> <span class='ocrx_word' id='word_1_192' title='bbox 501 2529 583 2575; x_wconf 74' lang='lat' dir='ltr'>hiet</span> <span class='ocrx_word' id='word_1_193' title='bbox 609 2528 721 2569; x_wconf 82' lang='lat' dir='ltr'>habet</span> <span class='ocrx_word' id='word_1_194' title='bbox 734 2532 941 2584; x_wconf 83' lang='lat' dir='ltr'>enim,per-</span> 
     </span>
     <span class='ocr_line' id='line_1_42' title="bbox 194 2583 940 2641; baseline 0.001 -14"><span class='ocrx_word' id='word_1_195' title='bbox 194 2583 322 2641; x_wconf 63' lang='lat' dir='ltr'>fectJJ}</span> <span class='ocrx_word' id='word_1_196' title='bbox 332 2596 484 2624; x_wconf 73' lang='lat' dir='ltr'>tamen-⁴</span> <span class='ocrx_word' id='word_1_197' title='bbox 513 2595 549 2624; x_wconf 93' lang='lat' dir='ltr'>et</span> <span class='ocrx_word' id='word_1_198' title='bbox 570 2585 691 2639; x_wconf 88' lang='lat' dir='ltr'>supra,</span> <span class='ocrx_word' id='word_1_199' title='bbox 699 2584 940 2638; x_wconf 56' lang='lat' dir='ltr'>sententias·</span> 
     </span>
     <span class='ocr_line' id='line_1_43' title="bbox 195 2641 644 2700; baseline -0.004 -18"><span class='ocrx_word' id='word_1_200' title='bbox 195 2657 280 2700; x_wconf 82' lang='lat' dir='ltr'>que,</span> <span class='ocrx_word' id='word_1_201' title='bbox 310 2655 394 2696; x_wconf 89' lang='lat' dir='ltr'>pro,</span> <span class='ocrx_word' id='word_1_202' title='bbox 411 2641 644 2695; x_wconf 78' lang='lat' dir='ltr'>fintiasque.</span> 
     </span>
    </p>

    <p class='ocr_par' dir='ltr' id='par_1_8' title="bbox 195 2696 937 2868">
     <span class='ocr_line' id='line_1_44' title="bbox 255 2696 937 2752; baseline 0.001 -13"><span class='ocrx_word' id='word_1_203' title='bbox 255 2700 453 2747; x_wconf 82' lang='lat' dir='ltr'>Stultitia]</span> <span class='ocrx_word' id='word_1_204' title='bbox 483 2697 593 2737; x_wconf 86' lang='lat' dir='ltr'>Stulti</span> <span class='ocrx_word' id='word_1_205' title='bbox 615 2700 729 2746; x_wconf 87' lang='lat' dir='ltr'>enim,</span> <span class='ocrx_word' id='word_1_206' title='bbox 758 2702 826 2752; x_wconf 92' lang='lat' dir='ltr'>qui</span> <span class='ocrx_word' id='word_1_207' title='bbox 845 2713 866 2739; x_wconf 89' lang='lat' dir='ltr'>a</span> <span class='ocrx_word' id='word_1_208' title='bbox 880 2696 937 2741; x_wconf 70' lang='lat' dir='ltr'>‘se-</span> 
     </span>
     <span class='ocr_line' id='line_1_45' title="bbox 198 2754 936 2807; baseline 0.007 -13"><span class='ocrx_word' id='word_1_209' title='bbox 198 2767 289 2794; x_wconf 82' lang='lat' dir='ltr'>natu</span> <span class='ocrx_word' id='word_1_210' title='bbox 309 2766 344 2794; x_wconf 91' lang='lat' dir='ltr'>et</span> <span class='ocrx_word' id='word_1_211' title='bbox 357 2754 531 2793; x_wconf 86' lang='lat' dir='ltr'>ordinem</span> <span class='ocrx_word' id='word_1_212' title='bbox 544 2757 764 2807; x_wconf 87' lang='lat' dir='ltr'>equestrem,</span> <span class='ocrx_word' id='word_1_213' title='bbox 781 2759 936 2799; x_wconf 79' lang='lat' dir='ltr'>etPom·</span> 
     </span>
     <span class='ocr_line' id='line_1_46' title="bbox 195 2810 826 2868; baseline 0 -16"><span class='ocrx_word' id='word_1_214' title='bbox 195 2815 327 2868; x_wconf 84' lang='lat' dir='ltr'>peium</span> <span class='ocrx_word' id='word_1_215' title='bbox 345 2810 656 2853; x_wconf 80' lang='lat' dir='ltr'>abalienauerint.</span> <span class='ocrx_word' id='word_1_216' title='bbox 670 2814 773 2866; x_wconf 73' lang='lat' dir='ltr'>epist,</span> <span class='ocrx_word' id='word_1_217' title='bbox 790 2820 826 2863; x_wconf 80' lang='lat'>8.</span> 
     </span>
    </p>
   </div>
   <div class='ocr_carea' id='block_1_7' title="bbox 374 134 1489 202">
    <p class='ocr_par' dir='ltr' id='par_1_9' title="bbox 374 134 1489 202">
     <span class='ocr_line' id='line_1_47' title="bbox 374 134 1489 202; baseline -0.006 -17"><span class='ocrx_word' id='word_1_218' title='bbox 374 143 600 202; x_wconf 47' lang='lat' dir='ltr'>Pavum</span> <span class='ocrx_word' id='word_1_219' title='bbox 636 138 933 183; x_wconf 75' lang='lat' dir='ltr'>MANVTH</span> <span class='ocrx_word' id='word_1_220' title='bbox 960 134 1489 180; x_wconf 76' lang='lat' dir='ltr'>COMMENTARIVS</span> 
     </span>
    </p>
   </div>
   <div class='ocr_carea' id='block_1_8' title="bbox 968 247 1783 1262">
    <p class='ocr_par' dir='ltr' id='par_1_10' title="bbox 968 247 1783 1262">
     <span class='ocr_line' id='line_1_48' title="bbox 1025 247 1716 306; baseline -0.007 -14"><span class='ocrx_word' id='word_1_221' title='bbox 1025 251 1302 306; x_wconf 58' lang='lat' dir='ltr'>Incoastaneia]</span> <span class='ocrx_word' id='word_1_222' title='bbox 1339 250 1459 301; x_wconf 72' lang='lat' dir='ltr'>Quod</span> <span class='ocrx_word' id='word_1_223' title='bbox 1489 251 1529 290; x_wconf 81' lang='lat' dir='ltr'>in</span> <span class='ocrx_word' id='word_1_224' title='bbox 1554 247 1716 300; x_wconf 77' lang='lat' dir='ltr'>gratiam</span> 
     </span>
     <span class='ocr_line' id='line_1_49' title="bbox 968 307 1716 359; baseline -0.008 -10"><span class='ocrx_word' id='word_1_225' title='bbox 968 308 1155 350; x_wconf 81' lang='lat' dir='ltr'>redierint</span> <span class='ocrx_word' id='word_1_226' title='bbox 1191 322 1276 347; x_wconf 88' lang='lat' dir='ltr'>cum</span> <span class='ocrx_word' id='word_1_227' title='bbox 1313 310 1351 348; x_wconf 87' lang='lat' dir='ltr'>P.</span> <span class='ocrx_word' id='word_1_228' title='bbox 1397 307 1554 355; x_wconf 82' lang='lat' dir='ltr'>Clodio,</span> <span class='ocrx_word' id='word_1_229' title='bbox 1599 320 1716 359; x_wconf 83' lang='lat' dir='ltr'>quem</span> 
     </span>
     <span class='ocr_line' id='line_1_50' title="bbox 970 361 1716 418; baseline -0.007 -12"><span class='ocrx_word' id='word_1_230' title='bbox 970 367 1131 407; x_wconf 87' lang='lat' dir='ltr'>oderant</span> <span class='ocrx_word' id='word_1_231' title='bbox 1151 375 1275 405; x_wconf 84' lang='lat' dir='ltr'>antea.</span> <span class='ocrx_word' id='word_1_232' title='bbox 1305 379 1351 404; x_wconf 90' lang='lat' dir='ltr'>ex</span> <span class='ocrx_word' id='word_1_233' title='bbox 1374 378 1453 418; x_wconf 86' lang='lat' dir='ltr'>quo</span> <span class='ocrx_word' id='word_1_234' title='bbox 1473 366 1611 405; x_wconf 87' lang='lat' dir='ltr'>Cicero</span> <span class='ocrx_word' id='word_1_235' title='bbox 1636 361 1716 417; x_wconf 83' lang='lat' dir='ltr'>ipse</span> 
     </span>
     <span class='ocr_line' id='line_1_51' title="bbox 969 419 1720 476; baseline -0.005 -13"><span class='ocrx_word' id='word_1_236' title='bbox 969 422 1156 464; x_wconf 82' lang='lat' dir='ltr'>alienatus</span> <span class='ocrx_word' id='word_1_237' title='bbox 1174 422 1221 461; x_wconf 88' lang='lat' dir='ltr'>ab</span> <span class='ocrx_word' id='word_1_238' title='bbox 1252 423 1481 476; x_wconf 83' lang='lat' dir='ltr'>optimatum</span> <span class='ocrx_word' id='word_1_239' title='bbox 1511 419 1652 469; x_wconf 83' lang='lat' dir='ltr'>cauffa,</span> <span class='ocrx_word' id='word_1_240' title='bbox 1680 429 1720 467; x_wconf 71' lang='lat' dir='ltr'>et</span> 
     </span>
     <span class='ocr_line' id='line_1_52' title="bbox 970 476 1718 534; baseline -0.007 -13"><span class='ocrx_word' id='word_1_241' title='bbox 970 479 1200 534; x_wconf 84' lang='lat' dir='ltr'>stipendium</span> <span class='ocrx_word' id='word_1_242' title='bbox 1220 476 1386 525; x_wconf 87' lang='lat' dir='ltr'>Caesari,</span> <span class='ocrx_word' id='word_1_243' title='bbox 1409 489 1447 517; x_wconf 86' lang='lat' dir='ltr'>et</span> <span class='ocrx_word' id='word_1_244' title='bbox 1466 478 1597 517; x_wconf 87' lang='lat' dir='ltr'>decem</span> <span class='ocrx_word' id='word_1_245' title='bbox 1619 476 1718 528; x_wconf 86' lang='lat' dir='ltr'>lega-</span> 
     </span>
     <span class='ocr_line' id='line_1_53' title="bbox 968 533 1720 590; baseline -0.004 -11"><span class='ocrx_word' id='word_1_246' title='bbox 968 550 1042 585; x_wconf 71' lang='lat' dir='ltr'>t08,</span> <span class='ocrx_word' id='word_1_247' title='bbox 1057 548 1093 577; x_wconf 90' lang='lat' dir='ltr'>et</span> <span class='ocrx_word' id='word_1_248' title='bbox 1114 549 1377 590; x_wconf 88' lang='lat' dir='ltr'>quaecumque</span> <span class='ocrx_word' id='word_1_249' title='bbox 1398 536 1538 588; x_wconf 85' lang='lat' dir='ltr'>potuit,</span> <span class='ocrx_word' id='word_1_250' title='bbox 1567 533 1720 576; x_wconf 81' lang='lat' dir='ltr'>Caesari</span> 
     </span>
     <span class='ocr_line' id='line_1_54' title="bbox 969 592 1720 635; baseline -0.004 -1"><span class='ocrx_word' id='word_1_251' title='bbox 969 604 1193 635; x_wconf 86' lang='lat' dir='ltr'>ornamenta</span> <span class='ocrx_word' id='word_1_252' title='bbox 1217 593 1409 632; x_wconf 84' lang='lat' dir='ltr'>decreuit:</span> <span class='ocrx_word' id='word_1_253' title='bbox 1441 602 1482 631; x_wconf 91' lang='lat' dir='ltr'>vt</span> <span class='ocrx_word' id='word_1_254' title='bbox 1502 593 1542 629; x_wconf 88' lang='lat' dir='ltr'>in</span> <span class='ocrx_word' id='word_1_255' title='bbox 1562 601 1659 630; x_wconf 88' lang='lat' dir='ltr'>orat.</span> <span class='ocrx_word' id='word_1_256' title='bbox 1671 592 1720 631; x_wconf 86' lang='lat' dir='ltr'>de</span> 
     </span>
     <span class='ocr_line' id='line_1_55' title="bbox 971 649 1722 706; baseline -0.003 -15"><span class='ocrx_word' id='word_1_257' title='bbox 971 651 1183 706; x_wconf 83' lang='lat' dir='ltr'>prouinciis</span> <span class='ocrx_word' id='word_1_258' title='bbox 1223 665 1252 688; x_wconf 90' lang='lat' dir='ltr'>c.</span> <span class='ocrx_word' id='word_1_259' title='bbox 1284 659 1349 691; x_wconf 87' lang='lat'>11.</span> <span class='ocrx_word' id='word_1_260' title='bbox 1392 649 1564 698; x_wconf 83' lang='lat' dir='ltr'>Defignat</span> <span class='ocrx_word' id='word_1_261' title='bbox 1593 658 1722 689; x_wconf 81' lang='lat' dir='ltr'>autem</span> 
     </span>
     <span class='ocr_line' id='line_1_56' title="bbox 972 704 1745 755; baseline -0.006 -6"><span class='ocrx_word' id='word_1_262' title='bbox 972 712 1180 755; x_wconf 83' lang='lat' dir='ltr'>Catonem,</span> <span class='ocrx_word' id='word_1_263' title='bbox 1235 704 1415 746; x_wconf 82' lang='lat' dir='ltr'>Bibulum</span> <span class='ocrx_word' id='word_1_264' title='bbox 1436 735 1447 753; x_wconf 91' lang='lat'>,</span> <span class='ocrx_word' id='word_1_265' title='bbox 1508 708 1722 746; x_wconf 83' lang='lat' dir='ltr'>Domitium</span> <span class='ocrx_word' id='word_1_266' title='bbox 1743 738 1745 744; x_wconf 80' lang='grc'>,</span> 
     </span>
     <span class='ocr_line' id='line_1_57' title="bbox 974 761 1722 810; baseline -0.004 -4"><span class='ocrx_word' id='word_1_267' title='bbox 974 765 1296 810; x_wconf 81' lang='lat' dir='ltr'>Ahenobarbum,</span> <span class='ocrx_word' id='word_1_268' title='bbox 1344 772 1381 801; x_wconf 90' lang='lat' dir='ltr'>et</span> <span class='ocrx_word' id='word_1_269' title='bbox 1411 761 1628 802; x_wconf 85' lang='lat' dir='ltr'>vniuersam</span> <span class='ocrx_word' id='word_1_270' title='bbox 1657 777 1722 803; x_wconf 87' lang='lat' dir='ltr'>eo-</span> 
     </span>
     <span class='ocr_line' id='line_1_58' title="bbox 975 818 1722 868; baseline -0.004 -5"><span class='ocrx_word' id='word_1_271' title='bbox 975 838 1062 863; x_wconf 88' lang='lat' dir='ltr'>rum</span> <span class='ocrx_word' id='word_1_272' title='bbox 1085 822 1307 868; x_wconf 57' lang='lat' dir='ltr'>faetioneun,</span> <span class='ocrx_word' id='word_1_273' title='bbox 1336 822 1390 859; x_wconf 86' lang='lat' dir='ltr'>ita</span> <span class='ocrx_word' id='word_1_274' title='bbox 1413 818 1600 858; x_wconf 90' lang='lat' dir='ltr'>infensam</span> <span class='ocrx_word' id='word_1_275' title='bbox 1629 822 1722 860; x_wconf 84' lang='lat' dir='ltr'>Cae-</span> 
     </span>
     <span class='ocr_line' id='line_1_59' title="bbox 977 875 1783 932; baseline -0.002 -13"><span class='ocrx_word' id='word_1_276' title='bbox 977 880 1062 927; x_wconf 83' lang='lat' dir='ltr'>sari,</span> <span class='ocrx_word' id='word_1_277' title='bbox 1083 889 1123 918; x_wconf 86' lang='lat' dir='ltr'>vt</span> <span class='ocrx_word' id='word_1_278' title='bbox 1142 877 1346 932; x_wconf 86' lang='lat' dir='ltr'>propterea</span> <span class='ocrx_word' id='word_1_279' title='bbox 1369 891 1453 916; x_wconf 89' lang='lat' dir='ltr'>cum</span> <span class='ocrx_word' id='word_1_280' title='bbox 1470 875 1628 923; x_wconf 68' lang='lat' dir='ltr'>Clodio,</span> <span class='ocrx_word' id='word_1_281' title='bbox 1655 879 1724 931; x_wconf 88' lang='lat' dir='ltr'>qui</span> <span class='ocrx_word' id='word_1_282' title='bbox 1751 892 1760 900; x_wconf 68' lang='grc'>’</span> <span class='ocrx_word' id='word_1_283' title='bbox 1774 901 1783 905; x_wconf 56' lang='grc'><strong><em>»</em></strong></span> 
     </span>
     <span class='ocr_line' id='line_1_60' title="bbox 976 935 1723 988; baseline -0.004 -11"><span class='ocrx_word' id='word_1_284' title='bbox 976 936 1146 977; x_wconf 85' lang='lat' dir='ltr'>Caesaris</span> <span class='ocrx_word' id='word_1_285' title='bbox 1170 935 1379 988; x_wconf 87' lang='lat' dir='ltr'>potentiam</span> <span class='ocrx_word' id='word_1_286' title='bbox 1400 947 1624 987; x_wconf 86' lang='lat' dir='ltr'>oppugnare</span> <span class='ocrx_word' id='word_1_287' title='bbox 1639 949 1723 974; x_wconf 88' lang='lat' dir='ltr'>coe-</span> 
     </span>
     <span class='ocr_line' id='line_1_61' title="bbox 977 990 1725 1049; baseline -0.003 -15"><span class='ocrx_word' id='word_1_288' title='bbox 977 1003 1099 1049; x_wconf 86' lang='lat' dir='ltr'>perat,</span> <span class='ocrx_word' id='word_1_289' title='bbox 1138 994 1179 1031; x_wconf 91' lang='lat' dir='ltr'>in</span> <span class='ocrx_word' id='word_1_290' title='bbox 1220 992 1378 1041; x_wconf 82' lang='lat' dir='ltr'>gratiam</span> <span class='ocrx_word' id='word_1_291' title='bbox 1419 990 1617 1030; x_wconf 87' lang='lat' dir='ltr'>redierint.</span> <span class='ocrx_word' id='word_1_292' title='bbox 1656 994 1725 1041; x_wconf 79' lang='lat' dir='ltr'>ita,</span> 
     </span>
     <span class='ocr_line' id='line_1_62' title="bbox 977 1045 1725 1101; baseline -0.004 -10"><span class='ocrx_word' id='word_1_293' title='bbox 977 1048 1261 1090; x_wconf 67' lang='lat' dir='ltr'>dumclodium</span> <span class='ocrx_word' id='word_1_294' title='bbox 1282 1048 1329 1086; x_wconf 86' lang='lat' dir='ltr'>ad</span> <span class='ocrx_word' id='word_1_295' title='bbox 1351 1045 1431 1086; x_wconf 88' lang='lat' dir='ltr'>suas</span> <span class='ocrx_word' id='word_1_296' title='bbox 1455 1058 1579 1101; x_wconf 82' lang='lat' dir='ltr'>partes</span> <span class='ocrx_word' id='word_1_297' title='bbox 1591 1048 1725 1088; x_wconf 87' lang='lat' dir='ltr'>adiun-</span> 
     </span>
     <span class='ocr_line' id='line_1_63' title="bbox 977 1103 1726 1160; baseline -0.001 -13"><span class='ocrx_word' id='word_1_298' title='bbox 977 1120 1070 1158; x_wconf 86' lang='lat' dir='ltr'>gunt</span> <span class='ocrx_word' id='word_1_299' title='bbox 1090 1117 1248 1160; x_wconf 84' lang='lat' dir='ltr'>propter</span> <span class='ocrx_word' id='word_1_300' title='bbox 1265 1103 1475 1151; x_wconf 83' lang='lat' dir='ltr'>Caesarem,</span> <span class='ocrx_word' id='word_1_301' title='bbox 1498 1106 1726 1146; x_wconf 77' lang='lat' dir='ltr'>Ciceronem</span> 
     </span>
     <span class='ocr_line' id='line_1_64' title="bbox 978 1161 1726 1218; baseline 0 -14"><span class='ocrx_word' id='word_1_302' title='bbox 978 1180 999 1204; x_wconf 85' lang='lat' dir='ltr'>a</span> <span class='ocrx_word' id='word_1_303' title='bbox 1021 1163 1173 1218; x_wconf 87' lang='lat' dir='ltr'>publica</span> <span class='ocrx_word' id='word_1_304' title='bbox 1197 1161 1319 1202; x_wconf 84' lang='lat' dir='ltr'>caussa</span> <span class='ocrx_word' id='word_1_305' title='bbox 1354 1171 1513 1216; x_wconf 86' lang='lat' dir='ltr'>propter</span> <span class='ocrx_word' id='word_1_306' title='bbox 1543 1162 1726 1205; x_wconf 81' lang='lat' dir='ltr'>Clodium</span> 
     </span>
     <span class='ocr_line' id='line_1_65' title="bbox 979 1229 1242 1262; baseline -0.015 0"><span class='ocrx_word' id='word_1_307' title='bbox 979 1229 1242 1262; x_wconf 84' lang='lat' dir='ltr'>remouerunt.</span> 
     </span>
    </p>
   </div>
   <div class='ocr_carea' id='block_1_9' title="bbox 985 1289 1752 1460">
    <p class='ocr_par' dir='ltr' id='par_1_11' title="bbox 985 1289 1752 1460">
     <span class='ocr_line' id='line_1_66' title="bbox 1039 1289 1670 1344; baseline 0.003 -14"><span class='ocrx_word' id='word_1_308' title='bbox 1039 1289 1377 1343; x_wconf 78' lang='lat' dir='ltr'>Aduersariorwn]</span> <span class='ocrx_word' id='word_1_309' title='bbox 1418 1292 1670 1344; x_wconf 79' lang='lat' dir='ltr'>Optimatum·.</span> 
     </span>
     <span class='ocr_line' id='line_1_67' title="bbox 1039 1347 1752 1402; baseline 0.001 -14"><span class='ocrx_word' id='word_1_310' title='bbox 1039 1347 1304 1398; x_wconf 72' lang='lat' dir='ltr'>Am‘loritate]</span> <span class='ocrx_word' id='word_1_311' title='bbox 1331 1351 1372 1386; x_wconf 86' lang='lat' dir='ltr'>ln</span> <span class='ocrx_word' id='word_1_312' title='bbox 1385 1347 1536 1387; x_wconf 85' lang='lat' dir='ltr'>senatu:</span> <span class='ocrx_word' id='word_1_313' title='bbox 1565 1363 1647 1388; x_wconf 88' lang='lat' dir='ltr'>cum</span> <span class='ocrx_word' id='word_1_314' title='bbox 1664 1364 1731 1389; x_wconf 88' lang='lat' dir='ltr'>an·</span> <span class='ocrx_word' id='word_1_315' title='bbox 1745 1395 1752 1402; x_wconf 43' lang='grc'><strong><em>,</em></strong></span> 
     </span>
     <span class='ocr_line' id='line_1_68' title="bbox 985 1404 1729 1460; baseline 0.003 -15"><span class='ocrx_word' id='word_1_316' title='bbox 985 1414 1044 1445; x_wconf 84' lang='lat' dir='ltr'>tea</span> <span class='ocrx_word' id='word_1_317' title='bbox 1063 1407 1182 1455; x_wconf 80' lang='lat' dir='ltr'>gratia</span> <span class='ocrx_word' id='word_1_318' title='bbox 1202 1404 1394 1444; x_wconf 86' lang='lat' dir='ltr'>valuerint</span> <span class='ocrx_word' id='word_1_319' title='bbox 1415 1405 1515 1458; x_wconf 85' lang='lat' dir='ltr'>apud</span> <span class='ocrx_word' id='word_1_320' title='bbox 1528 1406 1729 1460; x_wconf 85' lang='lat' dir='ltr'>populum.</span> 
     </span>
    </p>
   </div>
   <div class='ocr_carea' id='block_1_10' title="bbox 984 1475 1735 1929">
    <p class='ocr_par' dir='ltr' id='par_1_12' title="bbox 984 1475 1732 1695">
     <span class='ocr_line' id='line_1_69' title="bbox 1042 1475 1730 1530; baseline 0.003 -14"><span class='ocrx_word' id='word_1_321' title='bbox 1042 1476 1269 1530; x_wconf 80' lang='lat' dir='ltr'>Perpaucis]</span> <span class='ocrx_word' id='word_1_322' title='bbox 1300 1479 1459 1524; x_wconf 88' lang='lat' dir='ltr'>Catone,</span> <span class='ocrx_word' id='word_1_323' title='bbox 1480 1475 1633 1524; x_wconf 87' lang='lat' dir='ltr'>Bibulo,</span> <span class='ocrx_word' id='word_1_324' title='bbox 1653 1481 1730 1518; x_wconf 90' lang='lat' dir='ltr'>Do·</span> 
     </span>
     <span class='ocr_line' id='line_1_70' title="bbox 985 1533 1732 1588; baseline 0.003 -15"><span class='ocrx_word' id='word_1_325' title='bbox 985 1534 1112 1580; x_wconf 85' lang='lat' dir='ltr'>mitio,</span> <span class='ocrx_word' id='word_1_326' title='bbox 1143 1534 1209 1586; x_wconf 89' lang='lat' dir='ltr'>qui</span> <span class='ocrx_word' id='word_1_327' title='bbox 1243 1533 1390 1588; x_wconf 85' lang='lat' dir='ltr'>semper</span> <span class='ocrx_word' id='word_1_328' title='bbox 1431 1544 1562 1572; x_wconf 89' lang='lat' dir='ltr'>contra</span> <span class='ocrx_word' id='word_1_329' title='bbox 1595 1548 1732 1586; x_wconf 89' lang='lat' dir='ltr'>pauco-</span> 
     </span>
     <span class='ocr_line' id='line_1_71' title="bbox 986 1589 1732 1645; baseline 0.005 -17"><span class='ocrx_word' id='word_1_330' title='bbox 986 1604 1071 1629; x_wconf 89' lang='lat' dir='ltr'>rum</span> <span class='ocrx_word' id='word_1_331' title='bbox 1091 1604 1183 1644; x_wconf 84' lang='lat' dir='ltr'>opes</span> <span class='ocrx_word' id='word_1_332' title='bbox 1210 1604 1280 1643; x_wconf 87' lang='lat' dir='ltr'>pro</span> <span class='ocrx_word' id='word_1_333' title='bbox 1291 1589 1485 1644; x_wconf 88' lang='lat' dir='ltr'>republica</span> <span class='ocrx_word' id='word_1_334' title='bbox 1499 1602 1732 1645; x_wconf 78' lang='lat' dir='ltr'>pugnarunt.</span> 
     </span>
     <span class='ocr_line' id='line_1_72' title="bbox 984 1646 1502 1695; baseline 0 -9"><span class='ocrx_word' id='word_1_335' title='bbox 984 1646 1217 1695; x_wconf 79' lang='lat' dir='ltr'>Plutarchus,</span> <span class='ocrx_word' id='word_1_336' title='bbox 1247 1650 1335 1695; x_wconf 89' lang='lat' dir='ltr'>Dio,</span> <span class='ocrx_word' id='word_1_337' title='bbox 1368 1659 1405 1689; x_wconf 91' lang='lat' dir='ltr'>et</span> <span class='ocrx_word' id='word_1_338' title='bbox 1424 1647 1502 1687; x_wconf 90' lang='lat' dir='ltr'>alii.</span> 
     </span>
    </p>

    <p class='ocr_par' dir='ltr' id='par_1_13' title="bbox 990 1704 1735 1929">
     <span class='ocr_line' id='line_1_73' title="bbox 1041 1704 1734 1761; baseline 0.001 -15"><span class='ocrx_word' id='word_1_339' title='bbox 1041 1705 1105 1759; x_wconf 14' lang='lat' dir='ltr'>‘Ne</span> <span class='ocrx_word' id='word_1_340' title='bbox 1122 1718 1192 1758; x_wconf 87' lang='lat' dir='ltr'>per</span> <span class='ocrx_word' id='word_1_341' title='bbox 1208 1707 1387 1757; x_wconf 80' lang='lat' dir='ltr'>populum</span> <span class='ocrx_word' id='word_1_342' title='bbox 1407 1704 1577 1761; x_wconf 77' lang='lat' dir='ltr'>quidem]</span> <span class='ocrx_word' id='word_1_343' title='bbox 1606 1709 1734 1755; x_wconf 70' lang='lat' dir='ltr'>Quem</span> 
     </span>
     <span class='ocr_line' id='line_1_74' title="bbox 990 1760 1732 1816; baseline 0.004 -15"><span class='ocrx_word' id='word_1_344' title='bbox 990 1761 1058 1801; x_wconf 87' lang='lat' dir='ltr'>fibi</span> <span class='ocrx_word' id='word_1_345' title='bbox 1078 1760 1214 1801; x_wconf 86' lang='lat' dir='ltr'>Caesar</span> <span class='ocrx_word' id='word_1_346' title='bbox 1229 1761 1468 1810; x_wconf 85' lang='lat' dir='ltr'>adiunxerat,</span> <span class='ocrx_word' id='word_1_347' title='bbox 1498 1762 1622 1802; x_wconf 77' lang='lat' dir='ltr'>diuiso</span> <span class='ocrx_word' id='word_1_348' title='bbox 1643 1777 1732 1816; x_wconf 84' lang='lat' dir='ltr'>pau-</span> 
     </span>
     <span class='ocr_line' id='line_1_75' title="bbox 992 1818 1735 1872; baseline 0.003 -14"><span class='ocrx_word' id='word_1_349' title='bbox 992 1819 1147 1872; x_wconf 81' lang='lat' dir='ltr'>peribus</span> <span class='ocrx_word' id='word_1_350' title='bbox 1184 1833 1318 1872; x_wconf 84' lang='lat' dir='ltr'>campo</span> <span class='ocrx_word' id='word_1_351' title='bbox 1349 1818 1522 1867; x_wconf 88' lang='lat' dir='ltr'>Stellate,</span> <span class='ocrx_word' id='word_1_352' title='bbox 1561 1830 1598 1859; x_wconf 87' lang='lat' dir='ltr'>et</span> <span class='ocrx_word' id='word_1_353' title='bbox 1624 1823 1735 1860; x_wconf 84' lang='lat' dir='ltr'>Cam-</span> 
     </span>
     <span class='ocr_line' id='line_1_76' title="bbox 991 1889 1105 1929; baseline 0.018 -16"><span class='ocrx_word' id='word_1_354' title='bbox 991 1889 1105 1929; x_wconf 85' lang='lat' dir='ltr'>pano.</span> 
     </span>
    </p>
   </div>
   <div class='ocr_carea' id='block_1_11' title="bbox 993 1945 1738 2400">
    <p class='ocr_par' dir='ltr' id='par_1_14' title="bbox 993 1945 1738 2167">
     <span class='ocr_line' id='line_1_77' title="bbox 1014 1945 1732 2003; baseline -0.004 -14"><span class='ocrx_word' id='word_1_355' title='bbox 1014 1967 1018 1989; x_wconf 77' lang='lat'><em>2</em></span> <span class='ocrx_word' id='word_1_356' title='bbox 1051 1947 1138 1986; x_wconf 82' lang='lat' dir='ltr'>Sine</span> <span class='ocrx_word' id='word_1_357' title='bbox 1141 1945 1348 2000; x_wconf 78' lang='lat' dir='ltr'>fiditione]</span> <span class='ocrx_word' id='word_1_358' title='bbox 1381 1949 1471 1986; x_wconf 86' lang='lat' dir='ltr'>Non</span> <span class='ocrx_word' id='word_1_359' title='bbox 1491 1949 1593 1987; x_wconf 86' lang='lat' dir='ltr'>enim</span> <span class='ocrx_word' id='word_1_360' title='bbox 1613 1962 1732 2003; x_wconf 64' lang='lat' dir='ltr'>popu,</span> 
     </span>
     <span class='ocr_line' id='line_1_78' title="bbox 993 2001 1736 2054; baseline 0.004 -10"><span class='ocrx_word' id='word_1_361' title='bbox 993 2001 1052 2044; x_wconf 84' lang='lat' dir='ltr'>lus</span> <span class='ocrx_word' id='word_1_362' title='bbox 1073 2002 1272 2043; x_wconf 85' lang='lat' dir='ltr'>vniuersus</span> <span class='ocrx_word' id='word_1_363' title='bbox 1299 2004 1339 2042; x_wconf 85' lang='lat' dir='ltr'>id</span> <span class='ocrx_word' id='word_1_364' title='bbox 1364 2003 1515 2044; x_wconf 81' lang='lat' dir='ltr'>Caesari</span> <span class='ocrx_word' id='word_1_365' title='bbox 1536 2006 1736 2054; x_wconf 72' lang='lat' dir='ltr'>tribuisset,</span> 
     </span>
     <span class='ocr_line' id='line_1_79' title="bbox 996 2059 1738 2115; baseline 0.004 -15"><span class='ocrx_word' id='word_1_366' title='bbox 996 2060 1101 2115; x_wconf 85' lang='lat' dir='ltr'>quod</span> <span class='ocrx_word' id='word_1_367' title='bbox 1120 2059 1282 2108; x_wconf 84' lang='lat' dir='ltr'>senatus,</span> <span class='ocrx_word' id='word_1_368' title='bbox 1301 2063 1368 2114; x_wconf 86' lang='lat' dir='ltr'>qui</span> <span class='ocrx_word' id='word_1_369' title='bbox 1387 2064 1434 2102; x_wconf 86' lang='lat' dir='ltr'>ab</span> <span class='ocrx_word' id='word_1_370' title='bbox 1455 2076 1501 2102; x_wconf 92' lang='lat' dir='ltr'>eo</span> <span class='ocrx_word' id='word_1_371' title='bbox 1515 2060 1738 2104; x_wconf 83' lang='lat' dir='ltr'>fueratalie-</span> 
     </span>
     <span class='ocr_line' id='line_1_80' title="bbox 995 2117 1374 2167; baseline -0.005 -8"><span class='ocrx_word' id='word_1_372' title='bbox 995 2120 1097 2165; x_wconf 80' lang='lat' dir='ltr'>nior,</span> <span class='ocrx_word' id='word_1_373' title='bbox 1128 2117 1284 2167; x_wconf 77' lang='lat' dir='ltr'>largitus</span> <span class='ocrx_word' id='word_1_374' title='bbox 1312 2119 1374 2157; x_wconf 83' lang='lat' dir='ltr'>est.</span> 
     </span>
    </p>

    <p class='ocr_par' dir='ltr' id='par_1_15' title="bbox 996 2172 1738 2400">
     <span class='ocr_line' id='line_1_81' title="bbox 1052 2172 1738 2233; baseline 0.004 -18"><span class='ocrx_word' id='word_1_375' title='bbox 1052 2177 1098 2217; x_wconf 77' lang='lat' dir='ltr'>Se</span> <span class='ocrx_word' id='word_1_376' title='bbox 1123 2172 1217 2230; x_wconf 66' lang='lat' dir='ltr'>poste</span> <span class='ocrx_word' id='word_1_377' title='bbox 1244 2172 1382 2231; x_wconf 69' lang='lat' dir='ltr'>“ffi&#39;qui</span> <span class='ocrx_word' id='word_1_378' title='bbox 1416 2174 1738 2233; x_wconf 81' lang='lat' dir='ltr'>arbitrabantur]</span> 
     </span>
     <span class='ocr_line' id='line_1_82' title="bbox 996 2230 1736 2287; baseline 0.003 -15"><span class='ocrx_word' id='word_1_379' title='bbox 996 2232 1182 2278; x_wconf 87' lang='lat' dir='ltr'>Verbum,</span> <span class='ocrx_word' id='word_1_380' title='bbox 1209 2230 1316 2287; x_wconf 80' lang='lat' dir='ltr'>posse,</span> <span class='ocrx_word' id='word_1_381' title='bbox 1345 2245 1414 2271; x_wconf 88' lang='lat' dir='ltr'>nec</span> <span class='ocrx_word' id='word_1_382' title='bbox 1449 2233 1489 2270; x_wconf 88' lang='lat' dir='ltr'>in</span> <span class='ocrx_word' id='word_1_383' title='bbox 1521 2235 1614 2273; x_wconf 82' lang='lat' dir='ltr'>meis</span> <span class='ocrx_word' id='word_1_384' title='bbox 1641 2237 1736 2274; x_wconf 79' lang='lat' dir='ltr'>anti-</span> 
     </span>
     <span class='ocr_line' id='line_1_83' title="bbox 997 2287 1738 2342; baseline 0.004 -14"><span class='ocrx_word' id='word_1_385' title='bbox 997 2290 1082 2342; x_wconf 79' lang='lat' dir='ltr'>quis</span> <span class='ocrx_word' id='word_1_386' title='bbox 1108 2287 1216 2329; x_wconf 86' lang='lat' dir='ltr'>libris</span> <span class='ocrx_word' id='word_1_387' title='bbox 1236 2290 1377 2336; x_wconf 87' lang='lat' dir='ltr'>est‚nec</span> <span class='ocrx_word' id='word_1_388' title='bbox 1396 2291 1436 2327; x_wconf 84' lang='lat' dir='ltr'>in</span> <span class='ocrx_word' id='word_1_389' title='bbox 1454 2289 1648 2330; x_wconf 88' lang='lat' dir='ltr'>Mediceo:</span> <span class='ocrx_word' id='word_1_390' title='bbox 1669 2294 1738 2331; x_wconf 88' lang='lat' dir='ltr'>ita·</span> 
     </span>
     <span class='ocr_line' id='line_1_84' title="bbox 997 2344 1736 2400; baseline 0.004 -16"><span class='ocrx_word' id='word_1_391' title='bbox 997 2360 1072 2399; x_wconf 93' lang='lat' dir='ltr'>que</span> <span class='ocrx_word' id='word_1_392' title='bbox 1093 2344 1258 2400; x_wconf 86' lang='lat' dir='ltr'>suspicor</span> <span class='ocrx_word' id='word_1_393' title='bbox 1276 2344 1448 2385; x_wconf 83' lang='lat' dir='ltr'>additum</span> <span class='ocrx_word' id='word_1_394' title='bbox 1479 2360 1523 2386; x_wconf 84' lang='lat' dir='ltr'>ex</span> <span class='ocrx_word' id='word_1_395' title='bbox 1558 2349 1736 2398; x_wconf 84' lang='lat' dir='ltr'>ingenio:</span> 
     </span>
    </p>
   </div>
   <div class='ocr_carea' id='block_1_12' title="bbox 995 2401 1735 2500">
    <p class='ocr_par' dir='ltr' id='par_1_16' title="bbox 995 2401 1735 2500">
     <span class='ocr_line' id='line_1_85' title="bbox 996 2401 1735 2446; baseline 0.004 -5"><span class='ocrx_word' id='word_1_396' title='bbox 996 2417 1081 2442; x_wconf 89' lang='lat' dir='ltr'>cum</span> <span class='ocrx_word' id='word_1_397' title='bbox 1100 2404 1175 2442; x_wconf 82' lang='lat' dir='ltr'>fine</span> <span class='ocrx_word' id='word_1_398' title='bbox 1204 2417 1251 2442; x_wconf 85' lang='lat' dir='ltr'>eo</span> <span class='ocrx_word' id='word_1_399' title='bbox 1281 2412 1407 2442; x_wconf 84' lang='lat' dir='ltr'>tamen</span> <span class='ocrx_word' id='word_1_400' title='bbox 1433 2401 1735 2446; x_wconf 81' lang='lat' dir='ltr'>sententia&#39;con-</span> 
     </span>
     <span class='ocr_line' id='line_1_86' title="bbox 995 2461 1101 2500; baseline -0.019 0"><span class='ocrx_word' id='word_1_401' title='bbox 995 2461 1101 2500; x_wconf 82' lang='lat' dir='ltr'>sistat.</span> 
     </span>
    </p>
   </div>
   <div class='ocr_carea' id='block_1_13' title="bbox 1053 2529 1802 2585">
    <p class='ocr_par' dir='ltr' id='par_1_17' title="bbox 1053 2529 1802 2585">
     <span class='ocr_line' id='line_1_87' title="bbox 1053 2529 1802 2585; baseline 0 -15"><span class='ocrx_word' id='word_1_402' title='bbox 1053 2530 1374 2584; x_wconf 69' lang='lat' dir='ltr'>Cotzficutifitnt]</span> <span class='ocrx_word' id='word_1_403' title='bbox 1405 2532 1449 2570; x_wconf 89' lang='lat' dir='ltr'>Et</span> <span class='ocrx_word' id='word_1_404' title='bbox 1471 2529 1626 2584; x_wconf 89' lang='lat' dir='ltr'>quidem</span> <span class='ocrx_word' id='word_1_405' title='bbox 1652 2529 1736 2585; x_wconf 87' lang='lat' dir='ltr'>ipso</span> <span class='ocrx_word' id='word_1_406' title='bbox 1796 2576 1802 2581; x_wconf 72' lang='lat'><strong><em>,</em></strong></span> 
     </span>
    </p>
   </div>
   <div class='ocr_carea' id='block_1_14' title="bbox 993 2587 1736 2913">
    <p class='ocr_par' dir='ltr' id='par_1_18' title="bbox 993 2587 1736 2870">
     <span class='ocr_line' id='line_1_88' title="bbox 995 2587 1736 2641; baseline -0.001 -14"><span class='ocrx_word' id='word_1_407' title='bbox 995 2587 1221 2627; x_wconf 85' lang='lat' dir='ltr'>decernente</span> <span class='ocrx_word' id='word_1_408' title='bbox 1267 2590 1466 2631; x_wconf 87' lang='lat' dir='ltr'>Cicerone.</span> <span class='ocrx_word' id='word_1_409' title='bbox 1525 2587 1628 2641; x_wconf 89' lang='lat' dir='ltr'>quod</span> <span class='ocrx_word' id='word_1_410' title='bbox 1672 2589 1736 2627; x_wconf 81' lang='lat' dir='ltr'>hic</span> 
     </span>
     <span class='ocr_line' id='line_1_89' title="bbox 995 2643 1734 2693; baseline 0 -10"><span class='ocrx_word' id='word_1_411' title='bbox 995 2643 1208 2693; x_wconf 87' lang='lat' dir='ltr'>diffimulat,</span> <span class='ocrx_word' id='word_1_412' title='bbox 1230 2648 1375 2689; x_wconf 77' lang='lat' dir='ltr'>veritus</span> <span class='ocrx_word' id='word_1_413' title='bbox 1394 2643 1559 2693; x_wconf 76' lang='lat' dir='ltr'>fortasse,</span> <span class='ocrx_word' id='word_1_414' title='bbox 1580 2658 1627 2683; x_wconf 90' lang='lat' dir='ltr'>ne</span> <span class='ocrx_word' id='word_1_415' title='bbox 1638 2645 1734 2684; x_wconf 86' lang='lat' dir='ltr'>Len·</span> 
     </span>
     <span class='ocr_line' id='line_1_90' title="bbox 995 2696 1734 2748; baseline 0.003 -8"><span class='ocrx_word' id='word_1_416' title='bbox 995 2700 1117 2740; x_wconf 80' lang='lat' dir='ltr'>tulum</span> <span class='ocrx_word' id='word_1_417' title='bbox 1137 2696 1318 2748; x_wconf 73' lang='lat' dir='ltr'>offendat,</span> <span class='ocrx_word' id='word_1_418' title='bbox 1335 2713 1400 2741; x_wconf 89' lang='lat' dir='ltr'>aut</span> <span class='ocrx_word' id='word_1_419' title='bbox 1418 2716 1466 2741; x_wconf 88' lang='lat' dir='ltr'>ne</span> <span class='ocrx_word' id='word_1_420' title='bbox 1486 2701 1623 2741; x_wconf 85' lang='lat' dir='ltr'>famam</span> <span class='ocrx_word' id='word_1_421' title='bbox 1651 2701 1734 2742; x_wconf 90' lang='lat' dir='ltr'>sub-</span> 
     </span>
     <span class='ocr_line' id='line_1_91' title="bbox 993 2760 1734 2812; baseline 0.005 -16"><span class='ocrx_word' id='word_1_422' title='bbox 993 2768 1056 2797; x_wconf 79' lang='lat' dir='ltr'>eat</span> <span class='ocrx_word' id='word_1_423' title='bbox 1076 2760 1369 2805; x_wconf 77' lang='lat' dir='ltr'>inconstantiae3</span> <span class='ocrx_word' id='word_1_424' title='bbox 1400 2773 1485 2797; x_wconf 88' lang='lat' dir='ltr'>cum</span> <span class='ocrx_word' id='word_1_425' title='bbox 1506 2761 1734 2812; x_wconf 84' lang='lat' dir='ltr'>optimatum</span> 
     </span>
     <span class='ocr_line' id='line_1_92' title="bbox 993 2814 1736 2870; baseline 0 -16"><span class='ocrx_word' id='word_1_426' title='bbox 993 2814 1153 2856; x_wconf 72' lang='lat' dir='ltr'>cauffam</span> <span class='ocrx_word' id='word_1_427' title='bbox 1187 2815 1367 2856; x_wconf 76' lang='lat' dir='ltr'>aduersus</span> <span class='ocrx_word' id='word_1_428' title='bbox 1405 2829 1613 2870; x_wconf 84' lang='lat' dir='ltr'>paucorum</span> <span class='ocrx_word' id='word_1_429' title='bbox 1644 2829 1736 2869; x_wconf 73' lang='lat' dir='ltr'>opes</span> 
     </span>
    </p>

    <p class='ocr_par' dir='ltr' id='par_1_19' title="bbox 1623 2884 1735 2913">
     <span class='ocr_line' id='line_1_93' title="bbox 1623 2884 1735 2913; baseline 0.009 -1"><span class='ocrx_word' id='word_1_430' title='bbox 1623 2884 1735 2913; x_wconf 76' lang='lat' dir='ltr'>antee</span> 
     </span>
    </p>
   </div>
  </div>
 </body>
</html>
