1863 3172
189 79 267 127 186

409 79 635 120 PAVLLI
662 80 953 120 MANVTII
983 81 1498 126 COMMENTARIVS

184 193 415 246 quaestore5‚
445 202 512 232 aut
533 191 676 241 legati,
705 205 726 230 a
749 190 934 232 deceden·
977 193 1200 243 sermones.-
1228 195 1321 236 hui!
1337 197 1513 249 fratrem
1545 197 1737 254 reliquit?

185 252 287 291 tibus
316 248 608 303 proconsulibus
629 247 766 288 reliffi.

243 322 446 369 Puerum]
497 321 554 357 Sic
583 317 648 358 lib.
674 323 714 362 6.
752 316 801 357 ad
823 319 933 357 Attic.

187 380 291 435 epist.
307 381 344 419 6.
387 377 468 416 Nos
493 379 715 428 prouinciae
748 374 935 428 praefeci·

185 426 265 476 mu's
289 434 478 473 Coelium:
502 445 677 485 puerum,
705 433 875 488 inquies,
894 442 934 471 et

179 488 338 547 fortcffi
351 490 525 542 fatuum,
545 499 584 529 et
610 504 684 528 non
698 501 874 544 grauem,
894 499 933 528 et

185 563 260 589 non
295 549 558 588 continentem.
601 543 779 599 qffi-ntior
792 561 807 584 .·
840 543 935 597 fias-i

184 620 260 647 non
278 607 406 657 potuit
423 605 553 643 aliter.
616 602 747 649 Nam,
775 613 935 653 praeter

177 663 362 717 fratrem,
380 674 483 700 nemo
503 669 603 706 erat,
622 673 732 714 quem
741 658 831 710 sine
850 671 935 696 con-

183 719 340 763 eumelio
370 715 559 774 quaestori
574 745 586 763 ,
626 713 744 755 nobili
765 715 934 767 praeser-

185 779 278 825 tim,
307 773 555 827 anteferrem.

243 844 449 898 Nobilem]
494 846 587 883 Non
609 841 694 888 sua,
724 840 786 881 sed
812 843 933 880 maio-

183 920 270 948 rum
289 905 444 943 virtute.
472 899 596 938 adhuc
616 901 718 938 enim
737 909 818 938 erat
843 898 931 938 ado-

183 962 336 1004 lescens.
363 958 507 998 nobiles
525 968 653 996 autem
681 970 759 994 non
782 956 933 1009 patricii

167 1017 344 1062 ¹tantum,
377 1014 438 1055 sed
459 1013 601 1068 plebeii
617 1015 730 1053 etiam
755 1013 929 1051 homines

182 1074 485 1132 appellabantur.
497 1072 713 1110 honoribus
734 1073 849 1116 enim,
861 1070 930 1121 qui

181 1134 310 1187 aliqua
324 1132 466 1170 virtute
487 1126 698 1174 excelleret,
711 1129 854 1165 Romae
866 1139 930 1164 ne·

182 1206 248 1233 mo
270 1185 552 1229 excludebatur.

243 1260 358 1300 Omni
363 1270 424 1296 um
428 1256 516 1309 fere
529 1252 723 1308 exemplo]
755 1251 931 1307 Plerique
942 1264 946 1267 “

185 1320 309 1364 enim,
360 1314 407 1353 de
454 1313 654 1367 prouincia
696 1310 933 1359 decedentes,

182 1385 421 1431 praeponere
470 1370 708 1423 quaestorem
749 1366 932 1407 solebant.

181 1434 285 1487 epist.
311 1435 374 1476 18.
431 1429 648 1476 Legebatur
671 1423 765 1465 olim
787 1426 829 1463 in
849 1423 931 1463 vul·

181 1493 278 1541 gatis
327 1486 506 1526 omnibus
546 1483 677 1530 libris,
703 1481 929 1534 exemplum.

180 1562 254 1587 nos
294 1559 338 1584 ex
363 1543 531 1595 antiquis
549 1571 561 1589 ,
589 1550 627 1579 et
667 1553 776 1578 more
802 1539 932 1577 Latini

181 1603 382 1647 sermonis,
396 1610 433 1638 et
454 1613 498 1638 ex
518 1597 597 1651 ipsa
614 1610 771 1649 quoque
786 1594 931 1634 senten·

178 1664 248 1710 da,
259 1660 375 1715 primi
395 1654 646 1710 reposuimuS,
665 1653 847 1705 exemplo.

240 1730 439 1772 Pomtinus
465 1737 576 1766 ERN.
602 1723 821 1777 Pontinius]
851 1725 931 1772 Qi

179 1790 326 1840 legatus
354 1784 477 1824 fuerat
505 1784 728 1828 Ciceronis,
777 1792 814 1819 et
834 1783 930 1819 Coe·

178 1847 276 1888 lium
296 1845 445 1883 bonore
470 1840 693 1894 superabat,
722 1851 801 1876 non
822 1837 942 1890 quod‘

179 1904 339 1954 legatus,
373 1898 435 1939 sed
464 1896 570 1950 quod
603 1904 820 1949 praeturam
852 1893 929 1944 ges-

178 1963 291 2007 serat,
314 1968 430 2010 atque
449 1956 564 1994 etiam
585 1953 631 1992 de
654 1950 927 2000 Allobrogibus

183 2016 498 2069 triumphauerat.
528 2020 745 2064 praeturam
776 2010 927 2056 Cicero,

181 2074 389 2118 Sallustius,
407 2071 582 2123 Epitome
605 2068 779 2117 Liuiana,
797 2067 930 2106 trium-

183 2133 304 2187 phum
324 2130 400 2168 Dio
423 2127 610 2166 nominat.
817 2150 820 2153 ⁴

238 2189 279 2227 A
312 2188 369 2243 2:
400 2181 567 2238 fratre]
597 2184 763 2230 Legato,
805 2180 874 2232 qui
892 2187 930 2218 et

181 2244 260 2300 ipse
281 2243 495 2297 praetorius
525 2249 618 2286 erat,
640 2239 839 2289 Aliamque
861 2249 931 2289 per

182 2302 393 2343 triennium
417 2307 576 2336 rexerat.
665 2297 860 2343 Qattuor
875 2291 926 2331 le-

182 2368 290 2410 gatos
312 2356 445 2394 habuit
471 2354 613 2393 Cicero
641 2352 683 2390 in
712 2351 926 2404 prouincia,

181 2415 354 2460 fratrem,
375 2413 445 2450 Cn.
463 2410 699 2454 Pontinium‚
726 2410 781 2447 M.
800 2409 927 2446 Anne-

182 2475 293 2519 ium,
335 2471 379 2508 L.
406 2465 602 2506 Tullium:
633 2478 729 2519 quos
750 2465 924 2503 nominat

181 2527 250 2570 lib.
279 2539 339 2579 ις.
359 2525 460 2577 epist.
481 2536 520 2576 4.

207 2617 210 2620 .
242 2585 296 2625 Vt
311 2583 470 2633 finatus
497 2576 692 2632 voluiffit]
731 2578 846 2617 Fano
873 2575 926 2615 se-

181 2651 294 2683 natus
325 2634 511 2683 consulto,
532 2635 581 2673 de
600 2648 678 2686 quo
699 2636 802 2686 epist.
824 2644 868 2686 7.
886 2643 923 2672 et

185 2710 250 2752 13.
286 2697 396 2735 huius
425 2691 536 2738 libri,
558 2700 596 2730 et
625 2689 663 2730 6.
704 2690 769 2730 lib.
801 2701 863 2742 15.
886 2700 923 2729 et

182 2755 250 2798 lib.
270 2756 309 2799 6.
329 2751 376 2793 ad
398 2750 508 2790 Attic.
525 2748 628 2803 epist.
642 2750 681 2791 6.
739 2744 923 2789 Videbam

991 263 1083 289 num
1105 250 1155 302 est
1175 251 1263 299 hoc,
1290 267 1364 293 non
1393 254 1483 303 plus
1516 268 1661 294 annum
1679 252 1740 294 ob·

991 307 1116 346 tinere
1132 310 1369 357 prouinciam
1386 310 1407 347 ἓ
1432 308 1539 365 quid,
1562 309 1664 365 quod
1672 311 1736 362 st·

990 374 1109 402 natus
1140 376 1199 402 eos
1233 366 1359 404 voluit
1387 364 1552 420 praeeſje
1578 370 1736 420 prouin-

989 420 1072 466 ciis,
1100 421 1168 473 qui
1198 420 1272 459 non
1294 420 1574 476 praefugffi’nt?
1612 434 1656 464 at
1676 423 1737 465 hie

988 486 1212 515 trletmlum.

1044 546 1238 602 ,Quoniam
1280 547 1448 587 alterum
1476 562 1534 589 me
1563 549 1740 606 reliquis-

985 603 1083 656 lem]
1116 605 1292 642 Nonius:
1320 604 1509 644 Fratrum
1521 609 1739 659 proprieta-

990 670 1068 699 tem
1115 660 1301 715 Nigidius
1346 659 1554 711 acutiffi'me
1606 661 1739 702 dlxit:

984 717 1134 823 fljrater
1166 716 1238 771 est,
1273 718 1420 771 inquit,
1449 716 1596 765 dulus,
1626 711 1744 774 quast*

1011 787 1073 813 ere
1093 773 1206 816 alter.

1045 844 1227 883 Senatum
1256 858 1316 883 eos
1340 843 1491 899 voluiffe
1526 846 1739 897 prouinciis

983 896 1174 953 praesffe]
1217 900 1373 940 Senatus
1410 902 1483 940 hoc
1517 901 1740 944 decreuerat

990 969 1037 994 eo
1057 954 1206 994 senatus
1231 956 1418 1005 consulto,
1438 958 1546 1011 quod
1576 958 1737 999 Coelius

987 1012 1042 1108 ‘iz-(tl)
1073 1014 1296 1113 C8iceronem
1329 1016 1426 1054 mifit
1455 1030 1541 1055 cum
1579 1018 1683 1071 epist.
1697 1023 1736 1068 8.

1003 1083 1016 1107 1
1046 1099 1054 1108 .
1120 1098 1129 1110 .

1045 1139 1252 1193 Duorum]
1283 1143 1468 1196 Pompeii,
1488 1152 1527 1182 et
1545 1139 1739 1185 Caesaris:

989 1196 1035 1236 de
1054 1198 1191 1250 quibus
1213 1196 1279 1237 lib.
1304 1202 1342 1242 6.
1365 1199 1412 1238 ad
1432 1201 1543 1238 Attic.
1572 1199 1676 1253 epist.
1696 1203 1736 1242 6.

989 1255 1204 1308 Pompeius,
1226 1269 1267 1295 eo
1291 1255 1423 1296 robore
1445 1258 1511 1295 vir
1525 1285 1538 1303 ,
1565 1259 1612 1296 iis
1629 1254 1738 1296 radi·

987 1310 1104 1359 cibus,
1132 1312 1189 1368 ‚Q
1215 1311 1377 1364 Caffium
1394 1312 1479 1365 stne
1502 1313 1613 1364 sorte
1636 1310 1738 1354 dele-

980 1369 1045 1423 git
1059 1396 1070 1413 ,
1104 1368 1245 1418 Caesar
1273 1371 1505 1408 Antonium.-
1540 1382 1606 1426 ego
1627 1367 1737 1421 sorte

987 1422 1125 1464 datum
1143 1423 1402 1477 ffnderem?
1441 1436 1512 1465 aut
1541 1427 1660 1466 etiam
1679 1427 1738 1465 in-

987 1482 1179 1536 quirerem
1209 1483 1249 1520 in
1281 1495 1364 1521 eum
1383 1511 1396 1530 ,
1425 1495 1534 1538 quem
1563 1479 1736 1536 reliquis:

977 1538 1085 1589 sem?
1122 1539 1204 1578 Hoc
1218 1538 1351 1578 melius
1365 1554 1379 1576 .·
1404 1549 1445 1578 et
1461 1537 1570 1578 huius
1587 1540 1645 1579 rei
1653 1539 1736 1593 plu-

989 1609 1037 1633 ra
1062 1595 1247 1648 exempla.

1045 1666 1184 1705 Omnes
1203 1664 1336 1718 Caffi'os
1359 1667 1621 1722 Antoniosque
1644 1680 1739 1707 com-

983 1722 1093 1775 plexi
1133 1722 1253 1775 sunt]
1294 1725 1382 1761 Eius
1423 1725 1526 1762 enim
1549 1724 1734 1763 «honoris

987 1778 1120 1827 caussa,
1148 1794 1265 1833 quem
1293 1782 1492 1833 Pompeius
1511 1782 1552 1819 in
1571 1783 1624 1830 Q
1647 1779 1736 1821 Cas·

986 1837 1094 1883 fium,
1112 1835 1248 1876 Caesar
1275 1838 1316 1876 in
1336 1839 1390 1875 M.
1415 1839 1625 1876 Antonium
1646 1852 1734 1877 con·

985 1892 1087 1941 tulit,
1115 1895 1163 1933 ab
1185 1892 1363 1934 vniuersa
1387 1905 1496 1943 gente
1514 1894 1632 1934 Cassia
1652 1908 1736 1946 gra·
1801 1935 1805 1939 ,

987 1951 1077 1990 tiam
1105 1952 1289 1991 inierunt.

1046 2021 1226 2062 Nobilem
1265 2032 1378 2062 ERN.
1413 2023 1613 2073 Hominem
1645 2022 1734 2062 ado·

986 2079 1210 2133 lest-entem]
1240 2081 1312 2118 Pro
1326 2108 1338 2125 ,
1368 2076 1659 2130 adolescentem,
1689 2092 1733 2119 vt

987 2134 1054 2175 lib.
1072 2147 1102 2175 Ι.
1123 2135 1170 2174 de
1183 2139 1292 2189 Orat.
1311 2150 1340 2175 c.
1361 2146 1427 2188 25.
1486 2136 1619 2190 Neque
1641 2137 1733 2176 haec

987 2195 1029 2233 in
1047 2207 1128 2232 eam
1144 2192 1384 2244 seutentiam
1403 2190 1554 2245 disputo
1566 2221 1578 2239 ‚
1608 2203 1652 2233 vt
1670 2191 1731 2232 ho·

986 2251 1105 2289 mines
1124 2248 1396 2301 adolescentes,
1417 2249 1473 2303 st
1499 2247 1598 2304 quid
1617 2258 1732 2288 natu·
1751 2271 1759 2278 -

983 2307 1069 2347 rale
1080 2305 1190 2359 forte
1222 2320 1295 2346 non
1321 2304 1486 2346 habeant
1499 2335 1509 2354 ‚
1536 2307 1685 2346 omnino
1703 2319 1730 2346 a

981 2362 1137 2404 dicendi
1141 2362 1277 2417 studio
1293 2362 1526 2403 deterream.

1062 2450 1250 2489 Alienare
1281 2448 1415 2497 nolui]
1472 2445 1569 2486 Esset
1626 2447 1728 2487 enim

980 2507 1215 2557 ignominia,
1246 2506 1272 2545 fi
1293 2518 1407 2559 quem
1428 2505 1464 2542 ei
1480 2502 1726 2559 anteferrem.

981 2565 1084 2617 epist.
1108 2565 1172 2606 18.

1037 2634 1101 2672 De
1119 2633 1282 2683 Ocella]
1323 2634 1380 2672 De
1401 2632 1476 2670 Ser.
1501 2629 1642 2678 Ocella,
1661 2632 1726 2670 tri-

981 2689 1059 2728 duo
1088 2691 1144 2728 bis
1178 2691 1219 2728 in
1247 2688 1442 2728 adulteriis
1477 2686 1723 2740 deprehenso.

981 2747 1143 2796 ocellus,
1161 2747 1209 2787 ab
1230 2744 1430 2787 oculorum
1452 2746 1725 2808 paruitate-no-

1598 2814 1722 2840 mma<-
