1863 3172
317 128 386 167 IN
403 129 728 172 cxc.,EPIS'r.
759 133 890 173 FAM.
920 133 1031 174 Lus,
1054 136 1099 174 V.
1140 133 1328 174 EPIST.
1349 136 1431 176 XX.

103 252 172 280 nec
206 250 382 289 negatur:
424 241 498 288 ita,
532 242 636 295 quod
667 242 845 298 scriptum

103 312 182 336 non
203 299 265 344 est,
286 300 332 336 ab
355 311 400 336 eo
421 298 525 350 quod
555 299 744 355 scriptum,
772 300 846 339 dis-

103 368 259 408 crepare*
275 369 353 393 non
375 354 537 396 videtur.
587 379 592 385 =

161 425 278 481 Qtod
302 437 366 478 ego
400 426 550 480 quidem
573 441 647 467 non
673 425 840 482 addidi]

102 482 295 520 Mediccus
316 481 426 528 liber,
456 487 556 538 quod
580 497 643 536 ego
674 487 740 538 qui
767 498 841 523 non

102 536 262 588 addid-‚-
301 539 501 579 mendose:
546 540 648 593 quid·
679 542 842 580 mirum?

100 593 200 633 liber
218 596 357 634 mendo
378 596 504 636 nullus
536 609 661 636 vacat:
708 597 768 636 sed
797 611 841 636 ex

100 651 227 691 multis
250 652 465 706 deprauatis
497 668 592 693 vnus
614 665 655 692 vt
679 655 842 704 corriga-

102 718 176 756 tur,
197 724 311 762 opcra
336 710 416 749 dari
429 709 530 751 solet.
563 710 841 750 emendatiores

101 766 162 805 hic
191 765 279 806 libri
315 779 507 820 quattuor,
540 765 701 816 Sigicelli
732 782 843 816 vnus,

101 822 197 862 alter
228 823 352 862 Fuluii
390 824 523 872 Vrlini,
574 825 650 864 duo
691 824 843 864 Mafl'ei:

100 880 240 920 habent
262 883 377 929 enim,
393 880 495 935 quod
511 895 576 938 ego
596 879 749 939 quidem
768 896 844 922 non

103 934 258 978 add-‘di-

162 995 242 1032 Nec
261 991 382 1047 carsfflt
395 992 459 1045 est,
477 1006 547 1032 cur
566 993 713 1050 negem]
743 993 845 1035 Iussu

101 1064 187 1091 meo
204 1049 308 1090 illam
328 1052 527 1103 pecuniam
543 1065 564 1089 a
583 1061 618 1090 te
628 1052 846 1104 depositam.

101 1106 273 1154 causs‘am,
294 1122 360 1146 cur
380 1118 503 1156 neget,
533 1122 611 1146 non
644 1108 715 1148 effe
744 1109 848 1158 dicit,

99 1174 142 1204 vt
178 1164 346 1203 ostendat
383 1163 505 1203 abefl'e
538 1164 772 1218 periculum,
800 1167 847 1206 de

101 1235 179 1274 quo
201 1222 319 1261 Rufus
345 1233 514 1261 metuere
542 1222 777 1271 videbatur,‘
795 1239 843 1264 ne

101 1279 256 1331 quando
279 1280 359 1317 eius
379 1280 571 1332 pecuniae,
593 1293 666 1332 qua
685 1282 842 1334 Pompe-

99 1336 160 1376 ius
178 1334 262 1375 vsus
285 1345 377 1382 erat,
400 1338 498 1374 ratio
521 1338 747 1385 exigeretur,
758 1353 844 1377 cum

99 1393 238 1433 instare
280 1392 475 1433 videretur
504 1395 666 1432 mutatio
702 1404 845 1449 tempo-

102 1464 202 1497 rum,
224 1460 417 1489 commoto
441 1449 545 1487 ciuili
575 1449 691 1489 bello.

160 1508 209 1546 Et
232 1519 275 1546 ts:
293 1507 431 1556 nolles]
461 1509 607 1555 Negari
626 1521 645 1546 a
668 1521 738 1547 me.
779 1508 846 1548 ob·

102 1562 280 1616 sequerer
300 1563 490 1603 voluntati
510 1574 606 1610 tuae,
619 1563 693 1611 vel,
716 1566 740 1603 fi
754 1564 847 1619 quid

102 1619 191 1669 esset
208 1619 369 1666 caussae,
399 1635 465 1659 cur
494 1635 683 1668 negarem,
713 1622 752 1660 id
783 1624 847 1670 est,

104 1679 218 1718 etiam
249 1679 273 1717 fi
295 1676 504 1717 molestiam
534 1677 701 1733 aliquam
731 1692 776 1718 ex
803 1693 847 1719 ea

102 1749 262 1790 petuma
288 1745 472 1774 timerem.

158 1806 449 1862 H-Snougentis
475 1799 665 1857 millibus]
724 1801 848 1847 Scuta-

103 1872 231 1905 torum
253 1864 475 1902 nostrarum]
491 1865 640 1903 XXVII.
665 1862 847 1904 millibus.

162 1934 248 1973 Siue
258 1933 395 1986 frater
421 1937 530 1985 tuus]
587 1936 639 1975 M.
661 1934 846 1983 Mindirm,

105 1992 172 2044 qui
187 1992 353 2031 rationeq
377 2006 460 2029 cum
483 1990 601 2030 scriba
622 1990 848 2037 confecerat.

162 2049 226 2087 De
243 2047 364 2104 logw]
393 2051 448 2086 De
468 2047 570 2087 fano.
612 2048 734 2102 supra.

162 2119 309 2158 Parum
329 2119 541 2173 gratiosum
567 2118 635 2173 est]
678 2120 736 2159 Sic
755 2118 846 2159 libri

105 2186 251 2216 veteres
272 2189 464 2229 quinque:
493 2174 570 2222 alii,
583 2176 764 2233 gauisttm
785 2176 848 2231 qst,

105 2243 309 2287 Vtrumque
339 2232 574 2274 mendosum.
622 2246 731 2282 nam,
753 2247 848 2289 gra-

106 2290 255 2340 tiosum,
293 2290 338 2329 de
373 2291 589 2329 inanimatis
620 2291 733 2328 rebus
766 2304 845 2332 non

108 2344 268 2385 dicitur:
285 2345 708 2399 sedvgratiqsihomines
720 2346 847 2400 appel-

106 2401 246 2442 lantur.
302 2406 396 2451 Nec,
412 2405 591 2459 ganisnm
617 2403 680 2456 cst,
704 2403 847 2456 politus

107 2458 242 2500 litteris
265 2462 465 2513 quisquam
488 2462 720 2514 probauerit.
765 2463 847 2499 Me-

108 2517 234 2556 diccus
257 2516 366 2565 liber,
379 2519 590 2569 graui-fiam.
673 2518 848 2556 Corrado

106 2573 248 2628 placuit
269 2586 427 2627 gratnm
442 2575 588 2624 vistim:
617 2575 729 2614 nobis
741 2573 849 2622 olim,

103 2632 300 2685 prouisum
311 2647 325 2670 .=
366 2631 470 2684 quod
501 2645 568 2669 nec
597 2645 615 2669 a
652 2633 770 2682 graui
790 2645 851 2671 um

107 2686 221 2736 longe
251 2687 371 2734 distat,
409 2702 476 2726 nec
523 2687 703 2727 sententia
735 2698 848 2728 caret.

107 2758 196 2784 nam
215 2747 257 2783 in
277 2758 323 2783 eo
345 2745 435 2784 dicit
467 2758 600 2797 parum
624 2743 695 2782 effe
721 2747 850 2796 proui„

109 2800 202 2850 sum,
221 2803 323 2857 quia,
341 2815 425 2841 cum
448 2803 608 2856 pecunia
641 2799 706 2843 illa
733 2801 848 2857 depo-

1565 140 1640 192 36¹

901 253 1069 292 nex-etur,
1087 244 1260 285 additum
1286 260 1364 287 non
1385 258 1480 298 erat,
1502 249 1645 304 deponi

898 300 996 395 {usi'u
1006 302 1205 342 Ciceronis
1229 304 1478 357 proconsuli&
1501 308 1547 349 de
1566 323 1645 363 quo

917 371 1020 410 upra.

956 427 1206 485 Referendir]
1264 433 1354 480 Quo
1385 432 1514 482 modo,
1548 434 1644 487 refe·

897 483 1047 532 rendit,
1078 500 1162 524 cum
1195 496 1231 525 et
1259 487 1369 541 supra
1401 490 1536 531 relatas
1567 494 1644 533 iam

899 538 971 579 effe
999 539 1150 589 dixerit,
1183 554 1220 582 et
1248 544 1347 583 infra
1382 547 1483 586 idem
1511 551 1644 599 fignifi-

900 606 956 635 cet
970 599 982 634 3
998 599 1165 650 Accipio,
1186 599 1415 650 refirendis,
1434 618 1517 658 pro,
1529 608 1568 645 in
1585 621 1644 646 re-

899 650 1043 692 latione
1063 657 1270 704 rationum,
1295 657 1385 698 dum
1405 664 1573 702 rationes
1585 679 1646 704 re·

897 709 1098 750 feruntur:
1154 723 1195 752 vt
1234 715 1422 766 praesenti
1471 730 1644 775 tempore

899 777 1026 807 vtatur
1036 770 1171 808 Cicero
1192 771 1243 809 ob
1263 785 1344 810 eam
1368 775 1642 832 cauffam,quia

897 827 1088 874 corrigere
1122 824 1268 879 aliquid
1297 831 1503 872 etiamnum
1525 837 1565 875 in
1584 851 1642 877 rc·

897 880 982 920 latis
1012 885 1088 920 iam
1123 886 1338 926 rationibus
1369 887 1516 930 licebat.
1554 907 1643 947 pro-

901 949 1030 993 pterea
1049 938 1254 988 subiunxit,
1276 943 1374 998 quid
1392 959 1464 998 per
1478 950 1574 1005 leges
1596 953 1644 992 li-

902 1007 1005 1051 ceat5
1023 1010 1121 1050 quae
1145 999 1260 1038 verba
1279 999 1547 1054 demonstrant,
1563 1022 1644 1050 non

903 1050 975 1092 effe
996 1053 1208 1107 ademptam
1240 1060 1455 1108 corrigendi
1490 1062 1644 1105 facultaa

905 1120 996 1158 tem,
1018 1109 1079 1149 sed
1103 1113 1243 1162 corrigi
1265 1128 1343 1154 non
1362 1121 1490 1158 omnia
1510 1119 1644 1163 licere:

902 1168 1031 1219 itaque
1051 1167 1151 1207 Rufo
1173 1169 1393 1220 videndum,
1423 1177 1516 1228 quid
1539 1192 1560 1217 a
1582 1182 1646 1220 Ci-

903 1237 1042 1263 cerone
1062 1236 1183 1278 petat:
1212 1226 1307 1267 nihil
1319 1231 1420 1270 enim
1441 1246 1573 1274 contra
1594 1236 1645 1277 le·

900 1294 963 1330 ges
991 1283 1295 1335 impetraturum.

960 1351 1051 1392 Cum
1065 1353 1232 1402 senatus
1259 1357 1429 1406 consulto
1463 1374 1539 1400 non
1551 1364 1645 1414 fiam

902 1407 1004 1460 inas]
1035 1409 1195 1448 Videtur
1217 1413 1352 1451 Cicero
1374 1421 1555 1470 temporis
1576 1420 1647 1461 ali·

902 1476 1048 1518 quanto
1068 1464 1152 1520 plus
1172 1466 1323 1509 decreto
1334 1469 1481 1512 senatus
1495 1475 1645 1518 habuis-

902 1521 939 1562 se
960 1522 1006 1561 ad
1027 1525 1194 1562 rationes
1214 1524 1445 1577 referendas,
1465 1545 1577 1584 quam
1595 1534 1646 1574 le·

902 1580 1033 1629 gibus:
1063 1593 1141 1633 quo
1161 1591 1286 1621 tamen
1305 1594 1477 1638 tempore
1496 1592 1550 1628 vti
1576 1606 1646 1632 no-

904 1636 989 1684 luit,
1012 1635 1072 1675 sed
1098 1639 1266 1678 rationes
1286 1641 1480 1684 confestim
1499 1647 1646 1697 retulit,

903 1694 1007 1734 iustis
1044 1692 1091 1734 de
1124 1695 1275 1743 cauffis,
1318 1708 1360 1739 vt
1395 1698 1504 1754 supra
1536 1704 1647 1754 dixit,

902 1761 1017 1790 metu,
1028 1747 1167 1792 scilicet
1184 1754 1388 1795 exorientis
1404 1757 1495 1798 belli
1508 1761 1644 1802 ciuilis.

957 1820 1073 1877 Qeid
1091 1834 1164 1875 per
1202 1824 1299 1880 leges
1327 1826 1455 1877 liceat,
1483 1832 1648 1885 corfide·

901 1880 1070 1918 randum
1090 1878 1160 1933 est]
1244 1880 1414 1925 Modeste
1442 1887 1646 1940 fignificat,

901 1932 1002 1975 velle
1036 1935 1189 1988 quidem
1221 1936 1258 1979 se
1285 1937 1430 1994 aliquid
1455 1948 1648 1997 corrigere

901 1993 944 2032 in
981 1994 1196 2034 rationibus
1236 2008 1281 2034 ex
1318 1997 1403 2037 Rufi
1435 2001 1646 2053 voluntate,

902 2047 965 2087 sed
993 2051 1060 2097 ita,
1087 2065 1136 2090 ne
1175 2051 1267 2106 quid
1296 2055 1485 2097 amicitiae
1525 2061 1647 2103 caussa

903 2116 1035 2146 contra
1057 2106 1157 2159 leges
1175 2111 1400 2151 committat.
1588 2130 1590 2132 ’

962 2177 1015 2217 Te
1030 2187 1129 2218 certe
1158 2179 1200 2216 in
1228 2183 1390 2231 pecunia
1418 2183 1557 2225 exasit:
1589 2190 1650 2229 ita

904 2233 1050 2286 referre
1066 2244 1184 2273 ERN.
1211 2235 1363 2289 efferre,
1391 2253 1442 2281 ex
1463 2244 1557 2281 meis
1582 2260 1650 2285 ra-

903 2289 1070 2330 tionibus
1083 2292 1224 2331 relatis
1240 2307 1315 2332 non
1334 2297 1521 2353 oportuit]
1540 2301 1649 2342 Libri

904 2344 1053 2400 aliquot
1070 2345 1212 2400 scripti,
1233 2351 1349 2390 etiam
1364 2351 1573 2405 Mediceus,
1584 2370 1650 2413 pe·

904 2405 1038 2444 cuniae
1058 2402 1238 2445 exubiae:
1274 2407 1463 2458 nonnulli,
1492 2412 1564 2465 ista
1593 2415 1651 2468 of-

897 2459 1041 2514 ferrea
1111 2459 1232 2502 Placet
1261 2463 1376 2514 idem,
1405 2459 1509 2521 quod
1538 2468 1648 2520 olim,

901 2515 1232 2570 ρεειυιὶαέκαέῖιι,
1263 2535 1342 2562 non
1371 2523 1503 2564 eadem
1520 2535 1649 2568 tamen

908 2572 1104 2621 sententia,
1134 2589 1233 2630 quae
1259 2576 1353 2618 olim
1377 2579 1531 2634 placuit.
1567 2599 1647 2625 non

909 2631 1010 2670 enim
1029 2629 1123 2670 illud
1136 2661 1149 2680 ,
1184 2643 1224 2672 te
1241 2633 1401 2686 efferre,
1441 2639 1647 2687 significare

908 2701 1010 2726 nunc
1028 2689 1197 2729 arbitror
1216 2691 1451 2732 iracundiam
1462 2697 1560 2742 Rufi,
1573 2712 1648 2751 qua

907 2744 948 2784 fit
972 2742 1104 2792 elatus,
1126 2746 1230 2799 quod
1242 2749 1378 2788 Cicero
1398 2754 1581 2803 pecuniae
1600 2756 1648 2795 ab

905 2798 975 2841 illo
996 2803 1147 2844 exactae
1176 2808 1410 2847 mentionem
1439 2807 1580 2849 nullam
1607 2814 1649 2853 in

965 2860 991 2896 Z
1026 2870 1046 2912 5
1492 2869 1650 2906 rationi.
