1863 3172
185 71 268 106 122

181 170 372 216 residuum
411 169 558 211 fuiss'et:
609 178 676 208 aut
719 165 929 207 soloecismi

183 230 325 286 species
363 227 548 280 quaedam
575 224 793 264 videbitur:
823 226 928 262 cuius

184 287 334 337 generis
363 284 435 324 alia
474 296 628 336 quoque
658 283 698 320 iu
726 282 927 329 Cicerone,

184 343 351 384 Pediano
393 343 508 380 etiam
541 340 652 386 teste,
690 337 927 378 animaduer-

186 410 327 441 tentur.
724 442 725 447 ¹

245 451 407 508 Fuisset]
434 450 578 490 Placet}
618 452 680 490 etsi
710 454 816 492 varie
846 451 931 492 scri-

188 522 297 568 ptum
321 508 393 549 effe
425 507 576 549 videam
595 509 636 546 in
656 506 804 561 aliquot
838 511 934 548 anti·

189 571 275 623 quis
295 567 422 614 libris,
435 563 613 622 fugisset,
633 563 815 620 effiagiffet
827 595 840 614 ,
865 565 934 619 fu·

189 624 309 682 dtffit.

243 697 363 737 Iidem
383 692 470 746 illi]
523 695 679 731 Veteres
718 692 759 729 in
793 690 933 744 plurali

191 767 346 809 quoque
369 751 557 796 dicebant,
570 746 695 789 idem:
722 746 784 786 sed
795 746 934 787 melior

191 808 439 856 consuetudo,
485 815 528 845 vt
574 802 690 844 iidem
730 804 933 852 diceretur,

148 902 158 915 ,
191 868 388 913 obtinuit,
426 861 531 917 quod
572 859 769 909 analogiae
796 860 863 901 lib.
897 871 934 901 2.

192 923 390 965 Caesarem
401 918 576 976 probasse
589 918 748 958 Carisius
761 917 936 958 ostendit.

246 995 360 1045 Saepe
379 1002 476 1032 mnu
489 987 845 1045 §fignificationeque
873 1002 939 1042 ap-

185 1049 319 1108 pello]
354 1052 410 1089 De
440 1048 498 1086 his
526 1047 627 1085 enim
653 1043 760 1099 saepe
789 1049 866 1086 iam
884 1046 939 1086 lo.

192 1118 322 1154 cutm,
368 1106 562 1145 neminem
599 1115 791 1155 vmquam.
815 1105 939 1156 nomi.

191 1167 311 1206 nauit.

251 1233 471 1278 Maximum
490 1227 697 1284 fruHum]
725 1230 801 1268 Pro
831 1227 936 1269 laeti-

196 1296 249 1334 tia
269 1293 412 1346 potiuS,
441 1301 557 1341 quam
575 1284 938 1338 Vtilitateffrm‘lum

193 1353 255 1391 hic
274 1349 431 1401 accipio,
451 1354 493 1385 vt
512 1345 625 1384 etiam
641 1341 706 1384 lib.
721 1353 784 1383 10.
795 1345 938 1396 epist.5.

195 1409 257 1450 Ex
287 1407 365 1446 tuis
396 1404 538 1444 litteris
568 1403 647 1453 cepi
665 1397 844 1453 fruHum
872 1401 939 1440 du-

190 1465 349 1521 plicem,
389 1459 554 1513 mihique
583 1459 626 1496 in
659 1457 944 1510 comparatione

195 1519 391 1575 dffcilem
405 1514 460 1555 ad
468 1510 734 1555 iudicandum:
763 1526 941 1553 amorem·

196 1593 244 1619 ne
271 1589 364 1629 erga
393 1587 450 1612 me
479 1582 609 1617 tuum,
635 1584 686 1609 an
705 1571 877 1609 animum
899 1571 942 1610 in

198 1631 470 1686 rempublicam
504 1628 631 1680 pluris·
670 1625 943 1682 aestimandum

191 1701 384 1747 putarem.
440 1688 485 1725 Et
505 1685 545 1722 in
575 1693 740 1723 extrema
765 1681 942 1737 epistola:

197 1746 308 1789 Illud
338 1743 392 1784 ad
418 1754 526 1782 tuam
535 1740 727 1791 summam
763 1741 944 1794 amplitu-

200 1807 340 1849 dinem,
367 1798 608 1856 dignitatem‚
651 1794 943 1844 liberalitatem,
970 1836 974 1840 ,

198 1875 276 1919 qua
293 1869 330 1899 te
337 1856 420 1907 fiio
446 1851 682 1907 libentiffime
701 1852 794 1906 frui
801 1854 944 1905 fidere,

197 1918 416 1972 pertinere,-
444 1924 516 1965 pro
540 1908 684 1949 laetari.

256 1987 319 2027 Ex
338 1983 519 2025 libertate
538 1980 647 2034 mea]
684 1981 844 2032 Propter
853 1980 946 2018 haec

202 2045 355 2086 omnia:
397 2038 523 2092 quod,
552 2036 703 2077 sedente
732 2039 803 2076 Cn.
837 2039 946 2077 Pom-

201 2102 307 2158 peio,
336 2097 497 2137 dixerim
518 2108 578 2134 me
599 2091 947 2141 Bibulifortunam,

200 2171 318 2212 quam
361 2154 536 2194 Vatinius
574 2150 751 2190 afflie‘tam
783 2160 948 2204 putarat,

203 2215 378 2255 omnium
395 2208 611 2262 triumphis,
621 2209 873 2260 vi&oriisque
883 2222 949 2247 an-

202 2271 368 2312 teferre:
396 2265 525 2320 quod,
558 2263 694 2304 eodem
725 2265 838 2312 teste,
866 2263 944 2304 alio

203 2328 315 2373 loco,
360 2323 513 2363 eosdem
543 2320 629 2369 effe,
678 2323 744 2373 qui
765 2320 946 2361 Bibulum

202 2387 307 2425 exire
327 2381 442 2420 domo
459 2376 749 2432 prohibuiffent,
761 2388 798 2417 et
807 2381 875 2431 qui
884 2393 946 2418 me

204 2437 427 2490 coegissent:
457 2433 560 2488 quod
579 2437 618 2472 in
636 2436 830 2474 Vatinium
850 2435 946 2476 sum-

202 2511 265 2539 ma
293 2495 492 2538 libertae,
518 2492 725 2544 animoque
753 2494 947 2539 maximo,

204 2555 253 2594 de
271 2555 337 2599 vi,
367 2549 413 2588 de
444 2546 631 2600 auspiciis,
659 2547 706 2586 de
735 2548 946 2588 donatione

200 2620 433 2661 regnorum,
459 2605 588 2643 omnia
615 2602 797 2644 dixerim:
841 2605 948 2659 quod

203 2667 351 2707 senatui
363 2674 518 2716 quoque
535 2661 670 2698 anaor
692 2659 888 2709 fuerim,vt
900 2662 946 2702 de

204 2737 305 2774 agro,
320 2722 519 2772 Campano
539 2714 665 2755 idibus
683 2719 778 2759 Maii
786 2718 946 2761 referre.

400 58 627 99 PAVLLI
673 54 962 97 MANVTH
1006 26 1518 94 COMMENTARIVS

986 176 1069 206 tur:
1111 168 1322 220 postremo,
1347 164 1453 219 quod
1481 178 1565 204 cum
1591 161 1723 203 Crass‘o

986 237 1120 272 magna
1142 222 1317 263 libertate
1336 221 1610 263 contenderim.

1039 280 1173 333 Fovis]
1205 279 1351 329 Vulgo,
1382 279 1483 332 apud
1502 291 1634 317 omnes
1658 275 1726 315 ho-

985 340 1126 379 mines:
1157 346 1198 375 vt
1221 334 1285 374 lib.
1305 349 1345 377 2.
1365 336 1412 375 ad
1429 337 1557 386 QFr.
1570 334 1670 387 epist.
1687 340 1726 382 8.

984 396 1145 436 Senatus
1182 390 1365 447 frequens
1394 391 1553 433 diuinus
1575 392 1664 442 fuit
1683 393 1725 429 in

976 451 1259 505 supplicatione
1289 447 1455 488 Gabinio
1492 445 1728 503 deneganda.

990 509 1101 548 Foris
1118 504 1232 546 valde
1257 503 1474 558 plauditur.
1531 502 1666 544 Etlib.
1690 515 1728 555 3.

989 565 1036 604 ad
1048 563 1225 610 eundem,
1252 562 1354 615 epist.
1380 575 1414 601 2.
1473 559 1592 600 N1hil
1616 561 1731 601 homi-

990 635 1082 661 num
1088 620 1266 670 sermone
1280 617 1385 668 foris
1402 617 1560 658 clarius.

1047 689 1230 732 FruHum
1250 685 1418 743 tulisset]
1446 691 1590 728 Bonam
1610 686 1731 727 deme

989 748 1191 790 hominum
1211 747 1435 799 opinionem
1453 743 1621 784 auxisset.

1049 819 1134 874 Qui
1145 821 1183 857 in
1193 816 1324 856 eadem
1337 813 1460 870 caqffa
1475 814 1605 870 effint]
1620 817 1735 854 Com·

992 878 1117 914 munis
1147 884 1228 913 erat
1246 871 1366 911 cauffa
1397 874 1527 921 Craffi,
1547 871 1735 920 Caesaris,

993 933 1178 985 Pompeii,
1199 932 1264 982 qui
1275 928 1321 968 ad
1333 927 1502 983 ipsorum
1522 931 1735 985 potentiam

995 991 1125 1027 omnia
1152 986 1380 1026 referebant.

1053 1057 1208 1112 Iniqui]
1238 1059 1316 1096 Cur
1338 1059 1452 1105 enim,
1471 1071 1555 1095 cum
1567 1069 1611 1096 ex
1621 1055 1737 1096 liber·

994 1125 1071 1155 tate
1090 1115 1183 1154 ⁴mea-
1205 1110 1411 1153 maximum
1439 1112 1605 1154 fruEium
1625 1112 1738 1167 cepis-

992 1171 1087 1220 sent,
1117 1171 1389 1212 inimicissimos
1417 1171 1511 1210 mihi
1529 1169 1612 1210 fore
1631 1172 1737 1224 prin·
1765 1189 1767 1191 ¹

994 1231 1094 1282 cipes
1116 1230 1231 1277 virosi
1240 1227 1476 1268 laetabantur
1487 1230 1501 1266 ἓ

1050 1299 1354 1354 Honestiffimos]
1385 1301 1429 1338 In
1458 1299 1590 1352 primis
1617 1298 1740 1337 hono-

994 1365 1110 1396 ratos.
1141 1356 1206 1396 lib.
1218 1369 1257 1398 2.
1283 1358 1386 1411 epist.
1405 1368 1465 1407 ις.
1501 1355 1634 1395 Emori
1651 1356 1739 1396 Cae-

988 1412 1125 1468 fiaerem
1145 1413 1335 1468 honestum
1360 1410 1424 1467 effe
1443 1413 1562 1465 cupio.

1053 1482 1357 1537 Perfcrrentur]
1381 1484 1484 1522 Dixit
1504 1481 1614 1535 supra
1627 1499 1636 1521 ι
1648 1483 1740 1523 Ser-

998 1553 1124 1581 mones
1143 1539 1415 1593 referebantur
1437 1538 1492 1580 ad
1507 1553 1578 1580 me.

1056 1612 1120 1651 Ita
1148 1608 1391 1667 contendg'ffi‘t
1404 1639 1417 1659 ,
1467 1621 1512 1652 vt
1543 1609 1647 1650 nihil
1664 1624 1743 1651 vm-

1000 1681 1114 1723 quam
1144 1668 1297 1724 magis]
1326 1670 1472 1721 Supra,
1499 1667 1630 1707 eadem
1663 1665 1743 1706 sen-

1000 1725 1120 1764 tentia
1140 1723 1252 1763 aliter
1270 1724 1458 1778 expressa:
1488 1726 1672 1776 Caesaris,
1697 1734 1743 1764 vt

1001 1781 1117 1821 illum
1148 1780 1412 1833 defenderem,
1430 1782 1533 1822 mira
1555 1782 1742 1821 contentio

1000 1838 1052 1892 est
1071 1838 1279 1890 conficuta.
1337 1837 1481 1879 Eodem
1509 1837 1627 1877 modo
1655 1838 1748 1877 acci·

1001 1897 1124 1949 pitur,
1139 1907 1328 1951 pugnare,
1353 1893 1419 1936 lib.
1445 1907 1484 1950 7.
1507 1896 1609 1949 epist.
1625 1906 1689 1948 32.

1059 1965 1246 2005 Maxima
1291 1965 1486 2022 molestia]
1526 1967 1629 2015 Quid
1673 1967 1745 2005 mi-

1002 2023 1122 2062 rum?
1169 2035 1276 2069 cum,
1304 2036 1454 2076 praeter
1479 2025 1614 2063 initam
1644 2025 1746 2064 inter

1005 2092 1070 2118 eos
1090 2081 1132 2117 in
1164 2077 1284 2117 caussa
1303 2079 1481 2134 populari
1512 2079 1745 2128 societatem,

1004 2136 1122 2176 Craffi
1139 2133 1210 2174 filii
1233 2138 1407 2188 quaestor
1415 2135 1743 2186 Marcus,Publiu3

1005 2190 1162 2242 legatus,
1177 2191 1334 2234 Caesare
1352 2196 1584 2248 imperatore
1604 2196 1647 2234 in
1658 2193 1747 2235 Gal·
1786 2218 1790 2219 ν

1005 2249 1058 2289 lia
1073 2259 1277 2290 mererent.

1059 2321 1288 2374 Temporum
1308 2325 1502 2375 meorum}
1526 2326 1663 2363 Earum
1688 2336 1747 2362 ca·

1002 2375 1229 2425 lamitatum,
1248 2393 1339 2432 quas
1360 2378 1454 2418 olim
1471 2379 1625 2434 pertuli,
1654 2382 1746 2433 quia

1002 2436 1166 2474 nimium
1183 2437 1225 2473 in
1261 2435 1455 2489 republica
1483 2436 1604 2478 libere
1625 2435 1748 2476 sensis·

1004 2490 1094 2531 sem.
1127 2491 1232 2543 quod
1243 2507 1291 2531 ne
1301 2494 1440 2533 iterum
1449 2494 1644 2539 accideret,
1654 2507 1744 2548 pro-

1004 2547 1213 2587 videndum
1233 2548 1319 2588 fuit.
1377 2554 1463 2591 Hoc
1493 2553 1650 2591 nomine
1687 2563 1744 2588 ca·

1005 2602 1064 2643 sus
1084 2603 1263 2645 aduersos
1286 2607 1478 2646 interdum
1496 2606 1680 2662 appellat,
1702 2617 1745 2646 vt

1002 2661 1045 2699 in
1067 2671 1233 2701 extrema
1251 2662 1428 2717 epistola:
1455 2665 1603 2718 Scripsi
1628 2663 1744 2718 versi-

1002 2715 1071 2760 bus
1093 2728 1176 2764 tres
1194 2719 1311 2763 libros
1327 2719 1377 2762 de
1395 2721 1623 2777 temporibus
1642 2723 1745 2762 meis.
