1863 3172
245 73 314 112 IN
341 73 457 112 CIC.
483 72 675 112 EPIST.
716 73 854 113 ΒΑΜ.
894 73 1007 112 LIB.
1031 72 1063 111 1.
1100 71 1291 112 EPIST.
1323 73 1390 114 lx.

43 186 212 242 bellique
235 185 391 236 gerendi
419 188 501 233 ius,
541 201 626 225 cum
655 188 792 240 stipen-

44 246 111 285 dio
131 243 308 290 militum,
341 254 376 282 ct
407 243 645 296 proconsulis
683 246 791 284 vinti-

48 317 106 350 co,
125 302 247 340 dabat.
304 302 347 339 Et
368 300 560 348 Cornelia,
584 315 603 341 a
624 304 666 341 L.
689 299 788 340 Sulla

48 359 231 398 dietatore
250 355 337 403 lata,
361 358 432 396 hoc
454 357 636 404 sanxerat,
656 359 789 412 vt,qui

45 416 262 470 prouincias
292 428 336 452 cx
362 414 508 454 senatus
536 414 707 454 consulto
732 429 790 453 ac-

45 470 234 525 cepissent,
256 472 460 524 imperium
486 473 788 524 haberent‚quo-

42 528 149 567 adin
178 530 311 567 vrbem
343 528 578 569 introissent:
631 529 787 575 (studuit

43 587 143 624 enim
186 584 287 624 Sulla
319 588 545 639 optimatum
573 588 785 639 potentiam

41 641 205 696 plebem,
244 656 342 694 quae
379 641 558 682 aduersus
595 658 683 682 eum
712 657 784 696 pro

11 700 19 703 i
38 701 165 739 Mario
194 701 355 745 steterat,
374 699 522 744 afflixit)
553 702 695 739 curiata
720 715 783 739 ve-

39 770 99 803 ro,
123 758 274 808 quoties
297 758 458 820 Quisque
480 758 521 794 in
540 759 780 810 prouinciam

37 815 161 852 iturus
190 811 289 859 effer,
315 813 360 851 de
380 816 460 852 eius
489 815 654 866 imperio
684 814 780 854 fere-

36 871 161 910 batur.
221 870 400 909 obstabat
430 871 646 921 interdum,
675 871 779 924 quod

38 929 181 980 Appius
204 927 365 966 timuisse
385 927 550 978 videtur,
570 929 779 968 intercessio

36 985 252 1023 tribunicia.
283 987 413 1037 itaque
456 987 495 1023 in
552 988 698 1035 agraria
737 999 778 1028 2.

35 1055 65 1079 c.
87 1050 150 1082 12.
176 1041 407 1091 Confidibus,
439 1042 561 1093 legem
583 1045 779 1083 curiatam

25 1097 257 1150 ferentibus,
270 1097 386 1151 fitepe
405 1099 456 1154 ‘st
486 1097 732 1155 intefceffitm.

89 1169 130 1209 Si
147 1168 296 1208 licitum
325 1167 426 1224 effit]
459 1172 549 1210 Sibi.
572 1173 778 1218 nonenim,

35 1226 137 1278 quod
158 1225 235 1278 ipse
256 1225 385 1265 consul
410 1226 542 1279 posset,
564 1227 603 1266 id
625 1241 667 1268 vt
686 1230 778 1267 anni

0 1311 2 1313 »
32 1282 222 1378 gequcntis
242 1282 372 1322 consul
401 1284 532 1330 ferret,
561 1284 776 1339 exspeffiare

60 1341 176 1379 ebuit.

90 1412 330 1450 sortiturum
358 1409 439 1465 esst]
497 1409 682 1451 Consules
704 1409 774 1450 ¹vel

33 1467 288 1507 sortiebantur
307 1469 546 1520 prouincias»,
580 1467 642 1509 vel
673 1482 774 1508 com-

31 1526 216 1580 parabant
243 1527 343 1564 inter
361 1525 409 1565 sc.

89 1599 183 1637 Cum
203 1596 366 1653 collega]
421 1599 465 1640 L.
484 1599 658 1639 Domitio
679 1597 775 1637 Ahe-

31 1654 219 1693 nobarbo.

45 1743 48 1745 Α
86 1712 128 1751 Si
145 1713 299 1750 curiata
319 1712 385 1750 lex
411 1725 482 1750 non
501 1708 602 1765 efflet]
662 1712 771 1750 Ferri

31 1782 111 1806 non
126 1766 260 1820 poss'et,
279 1768 536 1808 intercedente
555 1767 686 1822 aliquo
706 1769 772 1808 tri-

31 1826 139 1865 buno
162 1823 294 1878 plebis.

86 1897 130 1936 Se
150 1907 381 1948 paraturum
401 1905 512 1935 ERN.
542 1897 589 1937 Se
608 1905 773 1949 paratu-

31 1967 120 1992 rum
138 1968 222 1992 cum
244 1952 404 2007 collega]
450 1953 613 2000 Parare,
639 1954 700 1992 hic
722 1955 774 1992 est

32 2010 177 2064 pacisci,
193 2011 430 2049 constituere.
460 2023 544 2049 mos
567 2012 668 2049 enini
684 2009 773 2058 fuit,

33 2079 75 2106 vt
96 2067 242 2107 senatus
261 2065 474 2106 consultum
493 2066 539 2107 de
559 2069 770 2121 prouinciis

33 2123 293 2164 consularibus
312 2125 363 2163 ita
389 2126 508 2171 fieret,
541 2136 583 2163 vt
602 2138 662 2163 eas
684 2139 771 2163 con·

29 2180 126 2221 fules
145 2193 210 2220 aut
229 2180 468 2228 sortirentur,
496 2192 560 2221 aut
580 2195 773 2235 compara-

31 2228 121 2278 rentN
145 2241 244 2278 inter
275 2237 336 2276 ser
360 2238 465 2291 quod
513 2240 614 2278 Liuii
644 2238 710 2278 lib.
735 2246 771 2287 8.

32 2310 62 2334 c.
74 2306 140 2336 20.
184 2296 400 2334 testimonio
428 2295 636 2348 probatur.
694 2298 770 2335 Ex-

30 2353 172 2404 templo
191 2354 326 2408 igitur,
347 2354 485 2404 inquit,
502 2353 669 2404 confides·
683 2353 772 2392 noui

33 2410 75 2451 L.
89 2410 278 2448 Amulius
289 2409 556 2448 Mamercium
569 2421 606 2449 et
617 2409 649 2448 C
647 2439 654 2449 .
660 2411 771 2449 Plau-

33 2467 114 2506 tius
134 2481 174 2504 eo
196 2465 270 2517 ''sss‘'
289 2464 349 2504 die
379 2466 463 2505 Kal.
495 2464 771 2520 Quinffllihm,

2 2552 3 2561 ,
33 2536 104 2577 quo
136 2521 382 2574 magistratus
411 2522 593 2571 inierunt,
627 2537 770 2576 compa-

33 2593 126 2617 rare
156 2581 259 2617 inter
280 2578 325 2627 se
357 2580 574 2629 pmm'ncias
604 2579 695 2629 iuffi.
735 2590 771 2619 ct

33 2634 136 2688 quod
163 2633 264 2688 apud
284 2637 451 2682 Liuium,
473 2649 690 2688 comparare
719 2638 771 2682 iu·

31 2703 96 2731 ter
107 2693 166 2743 st,
187 2691 286 2730 idem
311 2691 408 2744 apud
445 2694 682 2740 Ciceronem,
705 2706 772 2746 pa-

35 2760 128 2789 rare
165 2763 250 2789 cum
278 2749 432 2806 collega.
457 2762 686 2803 quamquam
722 2761 773 2799 et,

1522 83 1598 129 ¹33

843 200 990 240 parare
1009 187 1113 225 inter
1126 185 1184 237 se,
1199 199 1220 224 a
1237 188 1431 227 veteribus
1453 185 1597 226 dierum

849 243 935 290 effe,
947 245 1043 282 Festi
1056 242 1275 289 verba,licet
1288 243 1450 297 praecisa
1467 254 1503 283 et
1514 258 1596 282 mu-

849 299 927 347 tila,
940 299 1120 338 videntur
1139 301 1346 340 ostendere.
1377 315 1466 340 nam
1487 300 1593 353 quod

844 358 884 395 in
898 356 1057 395 Sallustii
1069 358 1249 405 Iugurtha
1270 373 1299 398 c.
1309 352 1377 412 47.
1388 357 1592 408 legendum

846 414 987 452 eruditi
1007 414 1181 451 homines
1199 417 1495 473 opinantuer
1508 416 1592 455 Me-

843 471 958 510 tellus
975 481 1011 508 et
1038 472 1097 508 M.
1120 471 1286 517 Silanus,
1308 474 1471 523 confides
1497 471 1593 524 άςβ-

835 528 967 584 ἕηαιὶ,
982 529 1207 578 prouincias
1228 529 1333 567 inter
1348 531 1396 580 fi'
1424 543 1591 582 paraue-

842 594 961 623 rant:
989 597 1082 630 non,
1110 595 1152 622 vt
1176 594 1297 631 antea,
1316 590 1588 638 purtiuerant:

843 641 1021 694 equidem
1043 642 1089 679 iis
1111 639 1276 681 libenter
1298 643 1586 689 affentirei-‚nifi

839 712 900 738 me
917 712 1016 752 quae
1037 696 1248 751 sequuntur
1275 700 1392 739 verba
1428 699 1583 752 prorsus

839 756 886 795 ab
906 756 974 794 hac
994 754 1176 794 sententia
1200 766 1458 796 remouerent.
1479 770 1581 804 nam,

838 814 863 852 fi
885 812 1076 852 Sallustius
1097 811 1257 860 dixiffet,
1277 816 1498 865 prouincias
1524 816 1580 852 in-

836 881 900 911 ter
907 871 954 921 se
967 880 1228 923 paraverant:
1257 869 1497 910 sortitionem
1517 884 1579 909 ex-

838 925 1015 966 clusisset:
1038 938 1186 978 parare
1204 929 1318 975 enim,
1339 929 1415 967 siue
1435 938 1580 979 compa-

835 999 941 1032 rare,
970 983 1163 1023 sortitioni
1186 987 1408 1038 opponitur.
1433 994 1471 1025 at
1496 983 1580 1024 sub-

834 1044 981 1091 iungit:
1011 1041 1246 1098 Metelloque
1277 1041 1468 1084 Numidia
1497 1056 1580 1082 eue-

836 1110 958 1138 nerat.
987 1112 1065 1150 quo
1084 1096 1321 1138 sortitionem
1340 1097 1411 1138 esse
1423 1098 1575 1148 fastam,

836 1155 921 1195 satis
947 1154 1168 1195 ostenditur.
1193 1154 1278 1206 lego
1300 1158 1429 1205 igitur,
1448 1159 1577 1209 parti·

835 1223 988 1259 verant,
1020 1227 1104 1250 cum
1135 1212 1286 1253 duobus
1313 1213 1575 1266 a'ntiquissimis

833 1268 956 1316 libris,
985 1283 1064 1308 vno
1092 1268 1219 1309 Fuluii
1248 1272 1383 1318 Vrfini,
1404 1268 1576 1311 eruditis·

832 1327 927 1373 fimi,
945 1336 982 1364 et
1004 1327 1258 1366 humaniffimi
1279 1330 1367 1375 viri,
1389 1338 1477 1367 ante
1494 1327 1574 1366 sex-

831 1393 960 1422 centos
982 1397 1102 1422 annos
1122 1383 1323 1438 descripto,
1360 1383 1481 1424 altero
1501 1388 1574 1424 Va-

832 1442 977 1480 ticanae
994 1438 1266 1488 Bibliothecae,
1290 1441 1462 1481 eiusdem
1491 1440 1573 1480 fere

829 1499 1035 1537 vetustatis.
1065 1498 1323 1538 Partiuerant
1346 1508 1486 1546 autem,
1498 1497 1574 1537 sor-

830 1556 1007 1594 titionem
1051 1568 1132 1593 non
1179 1553 1354 1594 excludit.
1406 1565 1573 1607 Vtroque

832 1613 935 1651 enim
956 1610 1073 1650 modo
1102 1613 1144 1651 fit
1169 1614 1461 1666 prouinciarum
1489 1626 1574 1666 par-

832 1670 932 1715 titio,
954 1669 1030 1707 fiue
1055 1667 1262 1709 sortiantur
1282 1668 1464 1716 consules,
1496 1670 1573 1708 fiue

829 1735 1050 1779 comparent
1074 1727 1174 1765 inter
1206 1725 1263 1765 se:
1298 1741 1382 1765 cum
1409 1741 1455 1766 ex
1482 1725 1572 1766 dua-

827 1783 899 1822 bus
920 1781 1015 1821 alter
1033 1781 1190 1822 alteram
1212 1785 1385 1838 accipiat.

886 1868 1133 1907 Prouinciam
1152 1867 1324 1919 haberet]
1363 1871 1457 1910 Non
1479 1869 1570 1909 Cili·

830 1925 925 1963 ciam
959 1926 1206 1964 nominatim:
1249 1925 1353 1978 quod
1402 1928 1427 1967 fi
1466 1925 1568 1974 esset,

828 1980 1011 2034 quorsum
1041 1981 1088 2020 de
1118 1980 1338 2031 sortitione,
1367 1992 1433 2022 aut
1469 1998 1571 2023 com-

827 2039 1025 2092 paratione
1060 2036 1308 2092 loqueretur?
1371 2039 1448 2078 sed=
1483 2044 1572 2094 pro-

827 2097 991 2134 vinciam
1021 2094 1111 2135 ideo
1143 2096 1318 2149 habebat,
1349 2099 1438 2149 quia
1469 2097 1573 2137 sena·

827 2162 887 2191 tus
908 2151 1139 2199 decreuerat,
1165 2163 1206 2191 vt
1237 2167 1281 2192 ex
1314 2152 1459 2194 duabus
1482 2157 1570 2200 ςὸη-

828 2208 1013 2249 sularibus
1043 2211 1252 2263 prouinciis
1275 2224 1388 2249 vnam
1411 2213 1570 2264 Appius,

829 2265 986 2306 alteram
1021 2267 1225 2313 Domitius,
1259 2265 1321 2306 vel
1357 2267 1570 2316 sortientes,

829 2322 892 2363 vel
919 2325 1019 2362 inter
1053 2322 1089 2362 se
1119 2334 1394 2377 comparantes,
1423 2326 1571 2365 obtine·

829 2388 925 2419 rent.

885 2463 1112 2517 Imperium]
1154 2466 1242 2505 Sine
1264 2466 1400 2505 armis:
1427 2463 1569 2519 quibus

828 2523 883 2561 vti
911 2536 989 2560 non
1027 2531 1197 2574 poterat,
1222 2524 1290 2561 niti
1328 2525 1395 2576 qui
1426 2525 1569 2561 curiata

829 2577 911 2627 lege
921 2580 1124 2630 imperium
1142 2578 1344 2633 accepisset.
1357 2591 1362 2594 ·
1373 2579 1418 2617 de
1438 2568 1571 2618 trinit„

830 2636 907 2688 pho
929 2637 1059 2685 igitur,
1082 2650 1165 2674 cum
1188 2637 1277 2675 haec
1299 2638 1441 2690 Appius
1473 2636 1571 2674 dice-

830 2706 902 2736 ret,
949 2694 1106 2730 wintine
1147 2691 1322 2731 laborare
1357 2691 1571 2732 videbatur.

831 2749 934 2802 quod
960 2750 1185 2790 confirmant
1202 2749 1266 2790 illa
1300 2751 1416 2790 verba
1448 2750 1509 2788 lib.
1531 2762 1571 2800 4.

883 2808 901 2844 l
934 2816 956 2856 3
1524 2805 1571 2844 ad
1610 2838 1611 2843 ,
