1863 3172
294 114 362 153 IN
392 113 502 154 CIC.
533 114 724 165 EPIST.
755 115 890 154 FAM.
920 113 1028 154 LIB.
1058 113 1126 152 111.
1165 114 1358 154 EPIST.
1397 117 1426 156 1.

155 222 278 278 lmp.]
309 227 360 264 Ex
382 239 456 279 qua
477 239 602 280 pugna
624 229 664 266 fit
685 228 758 268 hoc
777 241 843 266 no-

97 297 186 322 men
223 282 403 335 adeptus,
439 297 526 322 non
559 296 734 338 apparet:
761 298 842 323 rem

98 349 223 379 tanuen
245 340 291 378 ab
315 353 361 377 eo
380 340 481 379 bene
491 342 640 390 gestam,
662 356 739 381 non
761 355 841 380 mo-

98 397 149 436 do
169 397 260 434 haec
288 395 498 449 inscriptio,
534 412 632 450 quae
679 400 840 451 impera-

96 465 219 494 torem
249 455 444 500 nominat,
471 454 531 493 sed
563 455 694 495 vltima
724 456 838 493 etiam

98 507 254 563 epistola
275 509 457 550 declarat:
486 515 632 551 namin
660 526 702 551 ea
733 511 841 550 suum

96 566 259 605 studium
284 568 419 608 Cicero
438 570 477 606 in
496 566 767 622 supplicatione
789 569 839 607 ob

95 638 155 662 res
187 622 366 676 prospere
411 627 526 674 gestas
558 628 684 679 Appio
715 625 839 663 decer·

96 680 221 719 nenda
278 692 565 720 commemorat.
666 683 839 735 Sperauit

95 740 210 776 etiam
229 739 483 791 triumphum:
516 752 630 791 quem
650 742 684 777 ci
705 741 742 777 P.
762 741 837 778 Do-

95 793 256 835 labellae
272 795 412 844 ademit
429 794 628 844 accusatio,
639 806 679 835 vt
706 797 838 849 episto-

96 850 154 891 lae
174 852 269 890 duae
288 852 565 898 demonstrant,
585 867 659 892 vna
682 853 839 892 Cicero-

96 911 168 956 nis,
188 908 330 947 det-ima
348 908 460 947 huius
483 907 585 957 libri,
606 909 724 950 altera
743 912 838 949 Coe-

96 964 152 1013 lii,
175 980 276 1004 nona
304 964 394 1004 libri
416 967 554 1005 oetaui.

152 1021 272 1078 ‚Qud
302 1024 408 1062 iuuet
437 1034 546 1062 ERN.
588 1021 710 1079 ‚Q-uod
728 1020 836 1075 vidi]

93 1080 138 1118 Et
156 1089 285 1132 aperta
312 1078 493 1119 sententia
516 1081 590 1126 est,
624 1091 661 1119 et
679 1081 729 1119 ita
749 1078 839 1129 legi-

94 1138 216 1175 turin
239 1135 379 1189 septem
407 1139 574 1190 antiquis
606 1135 726 1176 libris.
754 1136 839 1175 aliis

96 1191 249 1245 placuit,
262 1197 363 1248 quod
383 1195 515 1233 iuuet:
535 1193 640 1247 quod
660 1192 771 1246 quale
784 1195 840 1242 fit,

95 1250 235 1288 eruditi
261 1250 493 1290 iudicabunt.

151 1321 336 1375 Reliquas
359 1320 446 1373 res]
489 1324 592 1370 Qias
622 1323 670 1361 ab
692 1320 774 1360 illo'
792 1319 839 1360 de

96 1377 192 1416 statu
217 1376 449 1431 reipublicae
472 1378 613 1418 audies.

156 1434 451 1484 Prouidentius]
482 1434 728 1474 Prouidentia
741 1436 838 1487 peri-

97 1488 224 1528 culum
253 1492 358 1532 vitat.
433 1492 706 1531 Prouidentius
724 1493 841 1541 igitur

97 1546 204 1594 dixit,
225 1561 318 1600 pro,
339 1549 495 1587 maioris
529 1549 730 1587 cautionis.
757 1546 839 1601 pos-

95 1602 181 1642 sunt
200 1605 300 1642 enim
320 1606 360 1643 in
379 1603 520 1645 alienas
536 1619 670 1644 manus
689 1603 840 1645 litterae

93 1662 310 1715 peruenire.

155 1730 345 1772 Videntur
361 1731 514 1784 aliquae
547 1744 649 1771 meae
667 1741 804 1783 partes
819 1733 838 1782 ]

95 1792 146 1827 Vt
173 1787 320 1842 ahquid
346 1802 416 1838 ego
445 1801 601 1841 quoque
632 1786 714 1839 tibi}
733 1789 840 1838 signi-

99 1846 217 1884 ficem.
702 1845 708 1862 '

95 1901 97 1903 ’
153 1897 328 1958 Ingenii]
374 1898 490 1948 Quod
516 1914 688 1940 amorem
716 1901 840 1940 conci-

97 1957 175 1997 liat.
207 1968 244 1997 vt
272 1960 372 1996 enim
393 1958 549 2009 corpori
578 1956 759 1997 valetudo
781 1959 839 2010 in-

55 2009 62 2015 ’
97 2027 215 2064 tegra,
243 2013 351 2053 color
381 2016 573 2067 optimus,
599 2026 687 2068 apta
721 2028 837 2053 mem-

95 2074 257 2116 brorum
280 2071 515 2124 compositio,
535 2072 581 2109 fic
599 2073 729 2110 animo
758 2070 837 2123 spe-

96 2131 169 2168 cies
194 2128 378 2181 quaedam
399 2138 436 2166 et
462 2125 705 2181 pulchritudo
733 2129 836 2176 inge-

95 2188 202 2225 nium
223 2187 284 2224 est.
315 2186 599 2230 oinnisvautem
625 2183 835 2239 pulchritu-

96 2241 148 2282 do
167 2256 336 2281 amorem
356 2239 544 2281 conciliat.
582 2248 586 2249 ⁷

152 2311 293 2365 Officii,
313 2309 583 2364 humanitatis]
614 2313 744 2351 Latius
772 2325 835 2365 pa·

95 2378 150 2408 tet
167 2369 396 2416 humanitas,
411 2364 525 2421 quam
545 2367 725 2421 officium.

156 2437 405 2492 Gratiffima]
435 2441 487 2478 Ex
507 2452 584 2491 quo
602 2438 785 2488 intellexi,
795 2451 833 2480 te

95 2497 199 2537 bona
225 2497 297 2535 fide
322 2510 469 2536 mecum
491 2497 532 2534 in
561 2498 720 2545 gratiam
748 2497 831 2537 red-

94 2551 188 2592 iiss'e.

131 2654 133 2656 r
155 2605 379 2660 Caruimus]
418 2607 479 2647 Ob
525 2607 742 2659 inimicitias
793 2608 831 2647 P.

93 2664 240 2712 Clodii,
254 2665 365 2718 Appii
385 2663 526 2711 fratris,
539 2665 607 2716 qui
623 2677 725 2702 anno
745 2677 834 2718 pro-

94 2724 200 2762 ximo
223 2724 398 2775 perierat,
418 2718 610 2767 aMilone,
636 2722 833 2768 Ciceronis

95 2779 327 2827 anxidffimo,
346 2776 579 2831 interfeelus.

1558 129 1639 163 211

960 227 1155 285 Quoniam
1173 237 1218 266 tu
1239 229 1299 266 ita
1325 227 1406 280 vis]
1435 229 1529 268 Tibi
1562 229 1639 282 pla-

901 295 956 322 cet
976 282 1109 322 officiis
1128 282 1202 322 coli
1223 286 1426 324 amicitiam
1452 288 1637 326 nostram:

900 340 1005 392 quod
1025 341 1050 378 fi
1081 341 1150 379 tibi
1173 338 1251 379 non
1277 340 1454 396 placeret,
1475 342 1639 393 facerem

897 399 1022 435 inuita
1052 398 1240 436 Minerua.
1282 400 1347 451 qui
1367 401 1390 437 ίί
1412 399 1570 447 efficies,
1597 412 1638 441 vt

896 453 999 492 idem
1020 454 1093 492 tuis
1128 467 1284 506 quoque
1313 459 1538 509 p.·0pinquis
1560 456 1637 511 pla-

898 520 999 554 ceat3
1028 510 1166 559 (tacite
1195 513 1359 564 Appium
1389 514 1575 562 hortatur,
1596 526 1637 556 vt

898 565 1068 619 reliquos
1097 564 1277 614 Clodios,
1308 570 1357 607 ob
1379 582 1523 610 veteres
1554 588 1640 613 cum

897 625 934 662 P.
955 622 1096 662 Clodio
1130 626 1346 664 inimicitias
1369 627 1547 669 iiifcnsos.
1572 631 1640 670 fibi

896 678 1131 725 reconciliet)
1163 681 1396 735 eandemque
1413 687 1641 736 Mineruam,

897 751 1012 791 quam
1042 738 1108 777 abs
1130 750 1166 776 te
1199 753 1277 777 non
1312 742 1471 778 inuitam
1503 742 1641 792 habeo,

895 795 944 834 ab
979 795 1064 848 ipfis
1091 796 1292 848 accipiam:
1322 810 1392 846 ego
1427 797 1464 851 pl
1479 813 1538 838 ane
1568 801 1642 839 hoc

896 865 976 892 non
1004 853 1205 891 Mineruae
1225 855 1366 902 magis,
1405 868 1517 907 quam
1555 859 1640 905 tibi,

868 957 872 961 Κ
895 907 1058 948 referam
1085 920 1291 963 acceptum,
1305 921 1342 949 et
1366 913 1450 950 iure
1465 926 1546 951 eam
1559 929 1639 953 non

895 975 973 1006 tam
994 963 1155 1013 Pallada,
1175 977 1215 1006 vt
1236 979 1407 1016 vocatur,
1437 984 1552 1021 quam
1566 976 1640 1025 Ap·

895 1021 1021 1077 piada,
1051 1022 1096 1061 de
1116 1033 1183 1062 tuo
1206 1026 1376 1072 nomine,
1394 1029 1639 1081 nuncupabo.

896 1083 1029 1119 Iocum
1058 1091 1186 1119 autem
1218 1083 1352 1120 Cicero
1387 1085 1570 1135 quaesiuit
1599 1087 1641 1124 in

896 1137 1120 1176 nominibus
1161 1136 1330 1178 (imiliter
1368 1138 1638 1183 desinentibus.

897 1196 941 1232 In
978 1193 1154 1233 Mediceo
1189 1194 1291 1234 libro
1328 1199 1479 1236 Graecis
1502 1197 1639 1238 litteris

897 1248 1116 1290 maiusculis
1133 1280 1146 1298 ,
1173 1250 1263 1291 ΠΑ
1275 1250 1454 1292 ΛΛΑΔ
1466 1253 1525 1304 Α,
1555 1255 1642 1296 seri-

897 1318 1005 1361 ptum
1028 1308 1090 1346 est.

956 1364 1049 1403 Non
1068 1364 1194 1402 inuita
1205 1364 1416 1418 Minerua]
1449 1366 1640 1416 Feliciter,

897 1419 1057 1459 succeffu
1070 1419 1265 1473 prospere.
1287 1422 1382 1461 abiit
1399 1426 1438 1461 in
1450 1424 1641 1474 adagium,

896 1474 1111 1523 inuita,vel
1126 1491 1198 1514 non
1219 1479 1346 1517 inuita
1370 1480 1556 1520 Minerua
1568 1483 1641 1522 ali-

896 1535 990 1587 quid
999 1532 1145 1585 facere.
1160 1532 1224 1572 lib.
1237 1545 1298 1575 12.
1319 1537 1420 1587 epist.
1433 1548 1498 1587 25.
1527 1540 1642 1578 Caus-

885 1590 976 1641 ιβιιη
996 1600 1105 1629 tuam
1125 1593 1179 1641 egi
1196 1604 1271 1629 non
1289 1592 1418 1631 inuita
1437 1594 1640 1636 ,Miner-ua.

896 1645 962 1685 lib.
987 1658 1018 1685 1.
1047 1645 1094 1684 de
1125 1646 1234 1685 Offic.
1257 1662 1286 1685 c.
1310 1659 1365 1700 31.
1426 1650 1546 1689 Nihil
1577 1650 1641 1692 de-

895 1713 954 1743 cet
995 1704 1136 1750 inuita,
1182 1713 1227 1743 vt
1253 1706 1388 1751 aiunt,
1435 1707 1642 1751 Minerua.

897 1762 942 1798 Et
985 1761 1168 1798 Horatius
1220 1758 1277 1813 de}
1325 1764 1416 1801 Arte
1485 1767 1640 1817 poetica

896 1831 934 1856 v.
959 1821 1050 1869 385.

955 1886 1016 1926 Tu
1047 1886 1147 1927 nihil
1177 1888 1307 1929 inuita
1337 1888 1442 1930 dices
1468 1891 1641 1945 faciesne

1098 1945 1295 1985 Minerua.

952 2013 1078 2064 Cilix]
1106 2015 1221 2062 Qtod
1254 2014 1370 2056 seruis
1394 2033 1536 2059 nomen
1557 2020 1638 2060 fue-

893 2079 974 2117 rat,
1001 2069 1105 2109 idem
1129 2070 1258 2111 liberti
1286 2077 1522 2124 retinebant,
1552 2077 1641 2119 licet

893 2141 1127 2181 praenomen
1170 2131 1284 2167 etiam
1326 2141 1362 2170 et
1395 2134 1636 2181 gentilxcium

892 2198 1033 2223 nomen
1045 2186 1139 2233 eius,
1160 2199 1181 2223 a
1200 2200 1277 2239 quo
1299 2186 1573 2240 liberabantur,
1584 2191 1637 2230 as-

892 2240 1092 2280 sumerent.
1153 2242 1252 2281 Cilix
1275 2255 1400 2284 autem
1436 2248 1496 2285 hic
1524 2263 1635 2288 voca-

890 2299 1015 2342 batur,
1045 2299 1133 2350 quia
1153 2298 1260 2352 saepe
1279 2315 1300 2338 a
1323 2305 1442 2354 patria
1462 2303 1560 2344 serui
1572 2320 1637 2359 ap-

892 2353 1154 2408 pellabantur,
1201 2366 1241 2396 vt
1275 2363 1446 2414 Aegypta
1473 2359 1539 2401 lib.
1573 2366 1630 2406 16.

892 2413 994 2466 epist.
1022 2423 1084 2462 13.

946 2482 1164 2530 Phaniam]
1195 2483 1249 2522 Ad
1271 2494 1306 2523 te
1319 2485 1632 2538 proficiscentem,

890 2539 995 2576 cuius
1013 2535 1089 2575 frui
1109 2539 1399 2589 consuetudine,
1428 2542 1515 2583 licet
1543 2545 1633 2585 Cili-

891 2609 971 2638 cem
999 2594 1178 2644 habeam,
1207 2597 1316 2638 valde
1343 2613 1531 2654 cuperem.
1561 2601 1629 2643 lib.

890 2665 929 2694 2.
957 2652 1059 2703 epist.
1086 2661 1146 2702 ις.

944 2722 1267 2776 Iureconfitltum]
1309 2727 1478 2767 Eundem
1515 2738 1626 2769 antea

889 2775 1068 2825 Lentulo,
1092 2777 1246 2820 Cinciae
1272 2784 1504 2836 proconsuli,
1527 2800 1628 2825 com-

948 2834 984 2872 Ο
1012 2845 1040 2877 2
1296 2838 1299 2841 ’
1424 2844 1429 2847 ’
1476 2842 1628 2882 menda-
