1863 3172
185 89 241 136 39¹

185 210 264 252 que
283 203 416 249 potes,
442 195 532 245 quia
554 207 616 232 me
647 201 799 231 tuarum
819 193 937 232 aetio-

187 267 297 300 num,
317 250 602 296 sententiarum,
622 248 868 288 voluntatum
881 248 936 290 so-

187 314 313 357 cium,
335 309 592 358 comitemque
622 305 790 346 habebis.
850 310 935 347 Hoc

185 369 232 409 in
253 376 420 405 extrema
437 361 519 402 fere
537 361 706 415 epistola.

254 421 487 462 Vehementer
520 418 714 472 exJ‘peHo]
774 423 936 474 Propter

189 489 364 519 mutuam
385 473 711 524 beneuolentiam,
729 488 766 518 et
786 480 938 531 opinio·

188 550 286 576 num
302 530 601 574 similitudinem.

253 593 298 632 In
320 589 527 643 sententiis
545 588 786 640 senatoriis]
817 589 939 629 Omis-

190 647 233 689 sa
254 645 389 702 populi
409 647 618 692 mentione,
638 645 805 684 senatum
817 649 939 686 nomi-

191 716 282 746 mat:
306 705 416 742 cuius
447 700 606 741 caussam
635 704 836 754 optimates
859 713 939 743 tue-

191 765 359 805 bantur3
384 774 468 798 cum
490 757 617 806 leues,
639 770 676 797 et
703 760 872 812 improbi
892 762 942 800 ci-

202 833 270 859 ves
292 814 428 871 populi
452 817 611 867 gratiam
644 813 887 857 sectarentur.

254 874 413 915 Aflzone
455 884 571 928 atque
611 870 944 925 administratione

195 928 453 984 reipublicae]
485 931 615 968 Latius
643 930 807 981 patebat,
829 930 945 972 aflio-

197 1004 247 1031 ne
259 1005 272 1026 .·
299 987 486 1025 contraxit
505 988 633 1035 igitur,
644 996 680 1024 et
699 999 720 1024 a
733 996 817 1026 toto
829 990 945 1028 aetio-

199 1060 293 1086 num
321 1056 459 1092 genere
478 1044 606 1082 tranfit
624 1043 671 1082 ad
690 1057 771 1082 eam
786 1056 945 1096 partem,

199 1106 243 1142 in
263 1115 337 1153 qua
357 1100 521 1139 Lentulo
550 1101 693 1147 notior,
715 1110 751 1138 et
762 1099 947 1142 illustrior

201 1164 285 1200 eius
313 1159 460 1197 animus
492 1156 564 1196 esse
593 1156 782 1209 potuisset.
811 1159 851 1197 id
881 1173 946 1198 au·

199 1229 280 1256 tem
310 1225 410 1261 erat,
445 1212 680 1267 reipublicae
714 1213 946 1255 administra-

201 1275 281 1314 tio:
313 1286 396 1310 cum
418 1285 491 1323 qua
514 1270 670 1323 sequens
700 1272 862 1312 verbum
872 1274 946 1327 flo-

202 1327 410 1384 rus'ffemus,
430 1339 516 1382 apte
535 1330 723 1377 congruit.

261 1382 550 1439 Florztf'ffiz’rnzcs]
599 1385 825 1424 Coniunffis
846 1387 949 1424 enim

208 1444 375 1483 duorum
428 1440 682 1482 consularium
734 1440 949 1491 sententiis,

208 1503 360 1553 Vtrique
393 1498 554 1550 dignitas
584 1509 836 1551 comparatur.

266 1557 469 1612 Ostendam
497 1558 695 1612 equidem]
736 1560 786 1595 Vt
810 1554 952 1595 intelli-

209 1628 288 1665 με,
308 1628 368 1652 me
391 1628 467 1652 non
481 1612 604 1659 aliter,
625 1626 667 1651 ac
690 1612 861 1661 debeam,
873 1612 952 1652 sen-

210 1675 294 1712 tire.
320 1671 630 1717 vermntamen‚fi
649 1681 689 1708 tu
711 1669 955 1718 affuissesmi-

210 1728 266 1768 hil
297 1730 369 1766 fine
401 1727 555 1767 consilio
587 1738 654 1766 tuo
682 1726 871 1775 fecissem,
919 1738 956 1767 te

211 1787 367 1825 wetere
397 1784 551 1839 prorsus
572 1786 613 1822 in
642 1785 820 1824 omnibus
842 1786 956 1824 rebus

214 1842 298 1883 vsus
322 1840 443 1881 effem.

270 1897 455 1951 Auflore]
488 1901 640 1938 Secutus
674 1897 785 1937 essem
821 1896 958 1937 volun-

215 1966 329 1996 tatem
359 1966 462 1995 tuam
491 1959 531 1994 in
560 1954 840 1995 reconcilianda
872 1971 957 1995 cum

215 2011 534 2065 Caesare,Appio‚
556 2015 709 2052 Vatinio
729 2015 861 2062 gratia.
908 2034 915 2038 ·

272 2069 493 2121 Amiciffimo
514 2070 858 2122 etsafvietttfiffz'nlo]
877 2071 957 2109 Cur

217 2129 253 2166 ei
283 2141 362 2165 non
389 2129 674 2179 obtemperem,
708 2140 821 2180 atque
850 2126 955 2165 obse-

217 2197 324 2237 quar,
343 2187 458 2236 quiet
483 2186 611 2223 omnia
632 2199 715 2223 mea
732 2183 851 2223 caussa
861 2183 958 2232 vult,

218 2253 255 2280 et
276 2243 328 2279 ita
357 2239 503 2280 excellit
524 2240 726 2294 sapientia,
759 2252 799 2281 vt
831 2255 958 2280 errare

219 2312 298 2337 non
323 2299 455 2350 potiit?
488 2299 559 2336 hoc
573 2301 673 2336 enim
696 2298 959 2338 fimulvtrum-

221 2368 295 2407 que
327 2357 537 2408 requiritur
569 2358 609 2393 in
629 2370 690 2403 eo,
739 2358 806 2409 qui
845 2356 959 2395 confi-

219 2410 312 2450 lium
336 2412 407 2450 dat*

278 2468 404 2509 Fidele·
424 2467 571 2524 quidem
601 2479 638 2508 et
658 2467 858 2522 beneumlo]
901 2471 959 2508 Fi-

222 2524 316 2570 des,
364 2535 400 2566 et
440 2539 548 2563 amor
584 2539 603 2562 a
639 2526 852 2566 consiliario
891 2541 958 2580 po-

222 2580 419 2622 stulantur.
457 2596 535 2620 non
566 2585 666 2620 enim
704 2586 890 2636 praestare
922 2586 962 2622 fi-

223 2637 324 2689 dem,
353 2637 457 2693 quod
493 2641 692 2691 probitatis
725 2643 786 2688 est,
812 2641 965 2679 videtur

224 2696 332 2738 satis:
365 2697 425 2737 sed
456 2709 567 2744 agere
595 2699 706 2735 etiam
739 2708 893 2751 oportet
923 2712 965 2736 ea

211 2757 442 2806 diligenter,
476 2766 572 2805 quae
600 2752 648 2792 ad
673 2768 753 2794 rem
775 2757 967 2808 pertinere

410 81 645 122 PAVLLI
672 80 959 124 MANVTII
985 80 1502 123 COMMENTARIVS

994 194 1191 238 ducimu83
1212 195 1318 247 quod
1331 197 1474 235 amoris
1485 196 1547 234 est.
1569 195 1636 242 ita,
1650 209 1736 234 cum

993 248 1317 299 beneuolentiam,
1341 263 1379 292 et
1410 252 1630 306 sapientiam
1640 255 1737 291 Len-⁷

993 306 1076 347 tulo
1101 307 1302 354 tribuerit,
1326 311 1369 347 -ei
1399 307 1435 347 se
1471 319 1665 362 comparat
1695 310 1738 347 in

991 361 1262 404 beneuolentia
1274 380 1282 402 ε
1308 363 1412 416 quod
1422 364 1584 405 amabile
1595 366 1740 419 potiuS,

991 434 1107 473 quam
1129 418 1304 459 odiosum
1325 421 1396 459 est:
1430 420 1651 474 sapientiam
1674 435 1740 461 ve·

995 492 1042 517 ro
1063 491 1131 516 nec
1150 475 1309 515 eandem
1331 477 1399 516 fibi
1419 490 1585 526 arrogat,
1605 493 1674 518 nec
1686 489 1739 518 ta·

994 549 1084 574 men
1107 535 1268 573 omnino
1280 533 1458 581 detrahit,
1478 549 1565 573 eum
1583 537 1648 582 ait,
1653 534 1742 587 for·

994 586 1088 647 tuffi-
1106 604 1181 630 non
1200 589 1485 643 imperittffimo.

1055 675 1142 714 Tua
1161 674 1311 730 quidem
1339 673 1490 729 canfflt]
1527 678 1628 715 Nam
1657 689 1740 717 mea

998 740 1035 771 te
1081 730 1204 770 adeffe
1255 731 1476 771 maluiss‘em.
1562 734 1741 785 Expreffit

1000 789 1149 838 egregie
1167 787 1233 827 lib.
1259 800 1295 829 2.
1314 791 1415 842 epist.
1441 802 1474 830 1.
1496 789 1653 829 eandem
1665 789 1744 829 sen·

1000 848 1157 884 tentiam
1177 845 1235 883 his
1255 847 1407 885 verbis:
1436 847 1515 899 Ego
1540 858 1579 887 te
1599 845 1746 900 abfuisl

990 902 1038 953 fi’
1056 913 1139 942 tam
1164 900 1234 942 diu
1256 917 1281 941 a
1299 903 1413 952 nobis,
1439 914 1473 942 et
1495 904 1623 949 dolui,
1645 901 1751 959 quod

1003 961 1115 1000 carui
1131 956 1272 1010 fruHu
1291 958 1570 1010 iucundiffi'mae
1597 960 1746 1012 consue-

1002 1014 1165 1061 tudinis,
1212 1026 1250 1054 et
1277 1016 1413 1063 laetor,
1466 1015 1569 1069 quod
1614 1016 1746 1068 absens

1003 1074 1132 1113 omnia
1141 1085 1222 1112 cum
1231 1073 1405 1113 maxima
1416 1073 1605 1125 dignitate
1616 1086 1652 1113 es
1663 1087 1749 1115 con-

993 1127 1162 1183 secutus.
1660 1146 1663 1151 ’

1056 1201 1328 1252 Imperatorem
1347 1202 1366 1250 ]
1413 1199 1654 1254 Appellatum
1697 1200 1746 1242 ab

1006 1259 1184 1299 exercitu.
1197 1255 1261 1296 lib.
1279 1270 1318 1299 2.
1341 1259 1443 1310 epist.
1469 1270 1533 1299 10.

1060 1343 1170 1392 Benex
1179 1341 1293 1398 gestis
1311 1341 1439 1396 rebus]
1470 1345 1671 1383 Materiam
1684 1344 1750 1383 tri·

1008 1400 1218 1452 umphandi
1259 1402 1427 1439 rectores
1461 1403 1751 1454 prouinciarum

1007 1471 1052 1496 ex
1072 1458 1319 1495 finitimarum
1331 1459 1498 1506 gentium
1517 1457 1627 1498 bellis
1640 1472 1753 1511 quae-

1007 1514 1155 1554 rebant.
1214 1514 1688 1568 TriumphauitLentulus
1707 1528 1753 1555 ex

1009 1570 1155 1618 Cilicia,
1184 1584 1262 1609 non
1282 1572 1404 1611 statim
1415 1573 1461 1611 ad
1480 1573 1614 1611 vrbem
1627 1586 1755 1612 reuer-

1011 1627 1094 1676 sus,
1125 1628 1185 1667 sed
1220 1629 1302 1680 post
1335 1628 1484 1683 aliquot
1518 1629 1687 1668 menses:
1713 1628 1753 1668 id

1014 1685 1120 1738 quod
1143 1699 1188 1723 ex
1221 1699 1267 1722 eo
1302 1684 1388 1725 loco
1423 1686 1488 1727 lib.
1508 1697 1543 1738 5.
1571 1687 1621 1728 ad
1641 1687 1752 1726 Attic.

1016 1744 1118 1796 epist.
1134 1754 1198 1783 21.
1221 1740 1308 1781 licet
1330 1742 1562 1793 intelligere:
1592 1746 1752 1796 Accepe-

1015 1816 1098 1838 ram
1118 1799 1226 1851 satis
1256 1801 1432 1839 celeriter
1463 1801 1582 1840 Iconii
1603 1811 1670 1849 per
1687 1810 1754 1852 pu-

1015 1855 1253 1896 blicanorum
1289 1856 1511 1899 tabellarios
1548 1871 1573 1897 a
1601 1857 1758 1897 Lentuli

1013 1913 1206 1966 triumpho
1224 1913 1353 1954 datas.
1393 1956 1397 1964 ,

1076 1999 1115 2037 V
1112 1997 1270 2038 her-iores
1295 2011 1332 2038 et
1347 1999 1622 2051 praesentiores
1642 2008 1757 2041 ERN.

1009 2055 1330 2110 praestantiores]
1368 2059 1466 2109 Apte
1495 2058 1577 2109 post
1607 2057 1759 2109 copiam

1015 2112 1258 2161 subiungitur
1285 2114 1528 2162 magnitudo:
1558 2113 1674 2166 idque
1695 2115 1759 2152 ci-

1016 2184 1103 2208 cero
1125 2168 1232 2222 saepe
1251 2169 1352 2209 facit.
1384 2184 1467 2208 cum
1487 2171 1604 2219 igitur
1622 2169 1670 2208 ad
1680 2168 1758 2208 sen-

1017 2229 1175 2265 tentiam
1213 2237 1250 2265 et
1284 2228 1482 2267 Ciceronis
1519 2226 1758 2266 consuetudi·

1016 2298 1104 2322 nem
1123 2284 1271 2323 accedat
1283 2295 1455 2323 veterum
1477 2283 1625 2337 aliquot
1641 2282 1760 2322 libro-

1017 2355 1103 2380 rum
1122 2343 1349 2385 auctoritas3
1372 2342 1548 2389 verbum,
1565 2340 1759 2395 praestan-

1017 2401 1155 2445 tiores,
1185 2401 1223 2435 in
1244 2399 1537 2449 praestntzores,
1567 2397 1672 2450 quod
1693 2395 1758 2436 alii

1016 2453 1258 2502 maluerunt,
1283 2465 1516 2502 commutare
1535 2454 1658 2495 visum
1681 2468 1762 2493 non

1017 2513 1079 2551 est.

1084 2581 1339 2634 V1'cis'eeudis]
1370 2585 1562 2629 Dicimus,
1589 2582 1692 2621 vltus
1710 2579 1779 2638 est¹

1026 2642 1235 2685 inimicum,
1263 2651 1304 2678 vt
1323 2641 1396 2686 hic,
1418 2651 1455 2680 et
1481 2641 1582 2679 vltus
1599 2638 1762 2690 estfijle,

1024 2707 1065 2736 vt
1085 2696 1214 2750 paullo
1233 2698 1336 2748 post,
1357 2696 1462 2736 sensu
1483 2696 1628 2735 eodem.
1654 2696 1759 2743 figni-

1024 2756 1109 2794 ficat
1136 2763 1263 2793 autem
1291 2767 1379 2801 eos,
1410 2756 1477 2808 qui
1512 2752 1548 2792 se
1580 2755 1620 2791 in
1652 2751 1760 2790 redu-

1636 2810 1772 2849 &ione
