1863 3172
193 117 278 173 2'36
303 166 313 175 ..

191 233 351 271 nioncm
373 226 488 266 video
517 225 768 277 comprobari.
826 225 932 261 Prae-

190 298 308 333 terea,
330 299 408 324 non
427 298 470 322 ex
490 283 675 335 Epieietm
700 280 761 319 sed
782 293 826 318 ex
836 278 930 318 mul-

189 347 238 384 tis
258 342 472 382 ciuitatibus
499 338 546 377 ad
577 340 801 377 Ciceronem
828 335 928 376 adie-

190 415 246 450 re,
259 411 299 439 vt
318 396 576 437 immoderatis
595 395 803 449 fumptibus
827 393 927 432 leua-

188 468 333 497 rentur.
372 453 476 508 quod
502 455 605 507 epist.
636 459 670 499 8.
702 451 925 495 demonstra-

187 526 253 556 tur
282 509 340 555 his
360 513 509 552 verbis:
546 514 735 562 Apameae
761 523 844 548 cum
874 509 925 558 eff-

177 574 261 626 sem
275 602 284 620 ,
314 569 529 609 multarum
559 568 761 607 ciuitatum
785 567 927 617 princi-

183 642 249 684 pes
270 626 326 667 ad
344 641 402 666 me
422 624 656 670 detulerunt,
666 621 842 674 fiaemptus
865 621 926 662 de-

185 685 294 727 cerni
317 683 456 739 legatis
474 682 586 720 nimis
608 693 779 735 magnos.

243 749 334 795 Non
357 765 440 793 tam
469 752 673 807 imperaui,
704 764 821 804 quam
849 761 930 788 cen-

175 813 272 866 sui]
328 813 423 851 Non
440 819 516 848 tam
533 809 606 847 hoc
631 806 796 859 imperii,
815 818 930 858 quam

185 870 321 911 iudicii
351 867 434 906 fuit.
467 879 543 904 non
566 866 638 903 hoc
666 877 737 916 pro
764 863 930 916 imperio

186 924 271 973 feci,
287 924 349 964 sed
367 922 470 976 quod
488 924 540 962 ita
554 919 770 960 faciendum
793 917 930 958 censui.

244 996 316 1038 Ad
335 997 448 1047 legem
470 989 699 1042 Corneliam]
731 992 929 1042 Sumptum

183 1054 336 1097 videtur
356 1052 416 1091 lex
439 1048 617 1089 Cornelia
638 1046 832 1093 definiisse,
845 1059 930 1099 cum

185 1112 234 1153 ad
260 1124 395 1149 eorum
424 1105 588 1153 laudem,
618 1107 685 1158 qui
714 1104 925 1158 prouinciis

182 1164 441 1225 praefuissent,
453 1163 659 1213 legatione&
669 1164 826 1200 Romam
838 1161 924 1198 mit-

186 1233 370 1266 terentur.
409 1223 482 1260 huc
514 1218 607 1259 illud
636 1217 788 1271 speeiat,
817 1216 923 1269 quod

185 1274 367 1336 seriptum
396 1279 445 1318 est
465 1279 566 1331 epist.
588 1283 623 1323 8.
653 1274 923 1314 Laudaturum

185 1335 473 1392 me,szquifim
489 1334 652 1384 sumptu
674 1328 840 1382 fzmHur
869 1327 922 1384 es-

174 1398 237 1451 set
263 1393 403 1449 officio:
447 1388 780 1443 conceffitrum‚·si
800 1389 926 1443 legiti-

180 1468 264 1494 mo:
292 1464 364 1490 non
383 1445 653 1503 permfftrum,
682 1445 723 1497 fi
736 1445 898 1498 infinito.

242 1523 426 1563 Rationes
455 1517 686 1570 ciuitatum]
744 1514 924 1555 Tabulae

184 1579 370 1638 publicae,
393 1580 432 1616 in
470 1589 561 1627 quas
594 1575 734 1627 accepti
760 1574 923 1627 expensi-

183 1653 257 1692 que
281 1637 380 1675 ratio
404 1633 582 1672 refertur.

243 1691 418 1745 Induxit]
475 1689 657 1741 Vsurpari
686 1686 838 1727 solitum
871 1688 923 1726 est

182 1755 256 1793 hoe
274 1750 435 1790 verbum
453 1750 494 1786 in
514 1747 678 1799 expensis
691 1744 923 1799 perscriben-

183 1810 253 1848 dis.
282 1806 418 1846 eodem
435 1803 553 1843 modo
584 1802 732 1841 locutus
766 1811 861 1841 orat.
883 1814 922 1842 2.

182 1870 222 1907 in
242 1862 396 1904 Rullum
411 1864 523 1914 «036.
555 1861 608 1900 Vt
626 1872 752 1915 agros,
785 1860 924 1912 inquit,

180 1941 206 1964 a
227 1922 408 1962 vobismet
427 1917 512 1971 ipsis
531 1928 659 1964 emtos,
679 1917 815 1972 quanti
847 1915 924 1955 vel-

184 1983 286 2026 letis,
313 1977 450 2031 populo
488 1975 658 2014 Romano
682 1971 925 2013 induceretis.

187 2041 231 2078 Et
250 2036 316 2076 lib.
335 2046 370 2074 1.
407 2035 447 2072 in
466 2036 554 2072 Ver.
585 2040 694 2084 c.41.
749 2029 926 2077 Tutores,

181 2096 382 2149 pecuniam
416 2088 585 2142 praetori
600 2087 652 2139 si
670 2087 839 2140 pupillae
868 2099 926 2125 no-

186 2154 287 2191 mine
317 2144 509 2201 dedg'ffimt,
533 2143 724 2202 grandem
756 2141 927 2196 praeser-

183 2212 270 2256 tim,
286 2201 593 2264 quemadmodum
613 2203 654 2240 in
673 2201 864 2240 rationem
875 2201 928 2238 in-

185 2265 388 2308 ducerent,
429 2256 742 2313 quemadmodum
763 2256 845 2310 fine
869 2269 929 2308 pe-

186 2325 311 2361 riculo
319 2319 394 2369 suo
415 2317 511 2357 dare
533 2312 689 2371 pffnt,
717 2328 793 2354 non
814 2312 931 2369 {vide-

187 2379 293 2418 [mnf.
619 2388 622 2389 ’

246 2449 336 2487 Non
356 2444 462 2486 modo
483 2443 680 2498 sublatos]

193 2506 319 2544 edifto
339 2517 438 2541 meo.

249 2558 457 2616 Qecrerer]
506 2557 620 2607 Quod
647 2555 839 2595 leuissimis
861 2554 928 2592 ho-

191 2619 358 2658 minibus
388 2629 495 2655 aures
516 2615 748 2669 praebueris.
770 2613 873 2665 epist.
893 2617 929 2657 8.

194 2677 288 2719 Tna,
302 2672 534 2728 qstodamlis,
547 2672 658 2721 culpa
669 2669 853 2708 nonnulla
868 2667 930 2721 est.

254 2734 414 2770 Hoc-tuo
438 2726 619 2778 tempore]
649 2729 746 2765 Cum
768 2726 810 2763 fis
831 2738 931 2770 reuS,

193 2803 259 2832 nec
278 2788 415 2831 addere
437 2784 627 2825 laboranti
646 2781 852 2822 molestiam
872 2780 933 2819 dc-

766 2441 929 2489 Vefflos,

421 115 646 157 PAVLM
673 100 963 152 MAN'VTH
991 109 1533 151 COMMENTARIVS·

983 223 1106 262 beam.
1126 219 1191 261 lib.
1216 232 1249 262 1.
1276 223 1378 274 epist.
1391 234 1428 274 9.
1468 218 1618 272 Scripsi
1642 229 1721 261 tres

983 277 1103 318 libros
1123 276 1170 317 de
1196 278 1428 329 ‚temporibus
1455 279 1557 318 meis.
1587 277 1653 316 lib.
1681 282 1733 318 2.‘

983 337 1086 388 epist.
1099 338 1136 377 6.
1172 335 1362 373 Nouitate
1387 348 1551 374 meorum
1581 344 1720 386 tempo-

981 406 1080 431 rum.
1118 391 1182 430 lib.
1209 401 1270 431 ΙΙ.
1299 389 1346 428 ad
1372 394 1481 430 Attic.
1528 392 1630 443 epist.
1657 400 1720 430 12.

981 451 1079 488 Eum
1117 449 1191 487 tihi
1231 447 1492 487 commendare
1538 448 1604 485 hoc
1639 460 1720 486 meo

979 517 1143 557 tempore
1161 518 1235 543 non
1253 502 1386 542 audeo.
1443 506 1536 543 Non
1563 502 1719 542 videtur
1762 500 1765 502 ’

980 563 1052 601 hoc
1101 560 1208 608 loco,
1248 559 1354 612 quod
1396 560 1443 598 ad
1493 558 1718 602 refellendas

983 620 1326 658 Grammaticorum
1345 619 1476 655 inanes
1499 629 1718 670 nugas‘per-

982 679 1091 723 tinet,
1108 672 1374 714 omittendum.
1458 672 1653 720 Clamant,
1675 687 1719 712 ae

983 747 1104 787 paene
1130 730 1378 771 iureiurando
1411 732 1649 777 confirmant,
1675 733 1718 770 iu

983 793 1030 828 iis
1051 790 1177 836 rebus,
1207 802 1304 841 quae
1334 787 1381 826 ad
1411 786 1608 826 secundam
1637 792 1733 840 peri

983 846 1111 885 sonam
1131 845 1361 892 referuntur,
1379 843 1524 897 semper
1542 844 1619 897 sse,
1641 847 1730 883 non'

983 903 1056 950 hic,
1076 900 1413 955 vsurparisolitum
1432 903 1472 939 in
1493 903 1625 940 Latina
1648 899 1720 938 lin-

984 973 1069 1009 gua.
1098 961 1165 1012 qui
1197 960 1222 996 fi
1255 957 1466 1007 diligenter,
1498 971 1613 1010 quam
1643 956 1722 996 late

982 1027 1107 1069 pateat
1132 1015 1216 1054 vsus
1236 1017 1362 1053 Latini
1384 1015 1578 1062 sermonis,
1600 1024 1720 1054 atten-

984 1072 1140 1112 dissent:
1180 1085 1260 1111 non
1297 1071 1444 1119 dubito,
1480 1073 1573 1125 quin
1609 1070 1722 1111 aliter

979 1129 1174 1170 sentirent,
1210 1128 1256 1167 de
1277 1130 1390 1182 Appii
1413 1128 1648 1168 accusatione
1666 1128 1721 1167 di-

978 1188 1033 1225 xit
1062 1187 1123 1225 hic
1153 1187 1305 1232 Cicero,
1335 1186 1400 1226 hoc
1436 1197 1501 1225 tuo
1541 1195 1720 1237 tempore,

978 1258 1058 1282 non
1078 1242 1156 1296 isto.
1193 1252 1230 1287 et
1256 1242 1302 1281 ad
1332 1244 1538 1290 Furnium,
1569 1240 1634 1281 lib.
1657 1253 1721 1283 10.

978 1301 1158 1353 epist.25.
1187 1300 1278 1339 haec
1295 1299 1494 1349 ambitiosa
1507 1298 1722 1352 fistinatio,

982 1371 1067 1396 cum
1087 1366 1215 1396 tamen
1246 1355 1293 1395 de
1320 1358 1453 1394 Furnii
1479 1354 1720 1395 festinatione

980 1413 1216 1466 loqueretur}
1273 1412 1429 1452 Coelius
1447 1414 1561 1451 eiiam
1590 1411 1655 1452 lib.
1682 1419 1719 1465 8.

981 1472 1083 1523 epist.
1100 1482 1162 1512 10.
1200 1469 1288 1509 haec
1303 1471 1493 1525 exiguitas
1513 1464 1722 1522 copiarum,

982 1528 1028 1566 de
1058 1524 1286 1581 prouinciali
1317 1527 1512 1565 Ciceronis
1543 1528 1722 1567 exercitu.

981 1587 1105 1624 Huius
1132 1585 1280 1632 generis
1310 1582 1494 1636 exempla,
1528 1597 1627 1636 quae
1664 1585 1722 1622 vi-

981 1642 1117 1681 tandae
1141 1640 1318 1679 satietatis
1346 1639 1465 1679 caussa
1486 1642 1723 1693 praetermit-

982 1709 1036 1745 to,
1067 1700 1202 1737 Cicero
1230 1696 1348 1736 multa
1379 1696 1613 1751 suppeditat:
1652 1699 1721 1750 qui

979 1757 1075 1795 mihi
1110 1754 1172 1794 vel
1210 1769 1308 1794 vnus
1346 1753 1467 1807 pluris
1505 1756 1577 1802 est',
1606 1768 1722 1807 quam

981 1827 1113 1853 omnes
1135 1813 1392 1851 Grammatici.

1038 1897 1161 1937 Nihil
1172 1895 1220 1936 de
1240 1900 1294 1947 te]
1325 1899 1422 1937 Non
1445 1907 1575 1938 contra
1597 1873 1721 1946 tested

980 1969 1053 2009 pro
1074 1969 1134 1993 me
1156 1953 1368 2007 disputabO.

1041 2038 1160 2078 Nihil
1182 2040 1224 2078 in
1244 2038 1318 2092 me]
1346 2038 1478 2079 Multis
1491 2042 1721 2090 argumentis

984 2096 1160 2144 ostendit,
1179 2110 1247 2135 cur
1270 2099 1413 2150 Appius
1442 2096 1724 2138 maleuolorum

985 2153 1224 2193 sermonibus
1243 2167 1323 2192 non
1350 2153 1526 2193 debuerit
1554 2155 1722 2195 credere.

984 2222 1206 2260 argumenta
1229 2220 1355 2249 autem
1388 2210 1489 2251 ducit
1508 2214 1672 2265 primum
1699 2226 1724 2250 a

985 2266 1145 2322 persona
1166 2267 1243 2314 sua,
1265 2282 1348 2306 cum
1377 2270 1442 2314 ait,
1473 2269 1574 2309 nihil
1587 2271 1627 2308 in
1645 2283 1726 2308 me.-

987 2325 1124 2364 deinde
1144 2338 1165 2363 a
1195 2323 1352 2378 persona
1376 2327 1502 2378 Appii,
1531 2340 1614 2364 cum
1641 2324 1724 2364 sub,

988 2383 1126 2432 iungit,
1139 2381 1399 2436 flore7ztg'ffi272i
1425 2383 1607 2422 hominis:
1643 2392 1725 2422 tum

990 2454 1011 2478 a
1037 2450 1222 2492 tempore,
1243 2440 1282 2477 in
1303 2454 1362 2486 eo,
1381 2441 1460 2478 eim·
1479 2440 1726 2492 existimatio-

987 2511 1072 2539 nem
1092 2505 1308 2551 oppugnare
1328 2498 1367 2534 in
1387 2499 1598 2548 prouincia,
1623 2498 1729 2536 cuim*

988 2551 1141 2594 laudem
1160 2549 1263 2591 domi
1295 2550 1533 2601 defenderis.-
1571 2554 1617 2591 ab
1646 2551 1726 2604 ipsa

988 2624 1043 2657 re,
1066 2624 1150 2647 cum
1171 2610 1309 2661 inquit,
1340 2611 1380 2648 in
1413 2625 1457 2649 ea
1485 2622 1527 2648 r?
1556 2611 1727 2650 animum

989 2665 1180 2719 ostendere
1213 2667 1421 2713 inimicum,
1453 2668 1494 2704 in
1521 2680 1596 2721 qua
1627 2665 1730 2705 nihil

988 2722 1106 2775 aljis:
1133 2724 1180 2761 ab
1201 2724 1336 2770 ingrati
1358 2724 1474 2761 animi
1500 2721 1619 2775 culpa,
1639 2735 1726 2761 cum

991 2781 1130 2833 inquit,
1160 2779 1258 2835 quid
1283 2791 1369 2820 erat
1399 2790 1551 2819 autem.-
1588 2793 1609 2818 a
1638 2793 1727 2817 con-

1596 2837 1731 2882 stantia,
