1863 3172
292 69 356 108 IN
383 68 495 109 CIC.
523 68 716 108 EPIST.
743 69 874 109 ΕΔΜ.

117 176 199 219 bat.
230 177 373 233 scripsi
390 182 486 219 enim
502 180 594 221 haec
614 179 704 233 ipsts
723 181 857 235 Mega·

119 232 296 286 lensilms,
377 238 594 285 Praeterea,
621 251 687 276 cur
708 237 755 276 de
776 240 856 277 Me-

116 289 326 341 galensibus
355 295 556 347 accipiam,
592 308 677 333 cum
709 308 788 333 non
814 296 854 332 in

118 349 233 395 circo,
253 346 314 386 sed
334 350 374 387 in
400 349 542 391 Palatio
562 350 767 391 darentur?
807 350 854 390 de

117 404 256 457 quibus
280 407 417 447 Cicero
445 410 484 446 in
514 419 610 448 orat.
636 408 682 447 de
704 407 853 461 harusp.

114 459 213 514 resp.
233 476 263 502 c.
289 475 348 504 12.
405 463 521 522 Q‘id
533 479 599 522 ego
618 461 666 504 cle
683 466 765 505 illis
799 466 854 504 lu-

115 516 179 558 dis
198 519 346 573 loquar,
376 534 467 576 quos
495 525 537 562 in
563 522 717 562 Palatio
732 522 855 575 1ηςιβνὶ

118 575 281 615 maiores
299 587 389 617 ante
408 580 603 631 templum,
624 580 664 617 in
677 580 753 631 ipso
764 578 853 618 Ma-

105 632 191 686 -tris
208 646 371 689 magnae
398 636 610 688 conspeHu,
629 633 847 692 Megulcnfi·

102 687 185 744 *hus
200 690 297 741 fieri
320 690 586 746 'celebrarique
615 693 853 732 voluerunt?

113 744 220 785 Idem
231 747 365 785 Liuius
378 750 575 789 confirmat
587 746 651 788 lib.
670 753 731 802 36.
745 764 774 788 c.
791 751 853 801 36.

173 816 271 872 Lege
297 820 526 870 ὁὶάιιήηὶα]
591 822 648 859 De
686 820 853 858 nefando

115 874 280 913 marium
310 877 513 915 concubitu
528 907 540 925 ,
569 891 667 929 quae
688 892 852 931 poenam

114 930 311 979 irrogabat
344 930 472 971 decem
505 932 624 972 millia
642 948 851 976 nummum,

116 985 397 1036 Qninffilianus
417 988 483 1029 lib.
506 1004 545 1042 4.
566 1005 595 1030 c.
609 1004 647 1033 2.
670 1002 707 1030 et
730 991 795 1031 lib.
813 1003 850 1042 7.

113 1058 146 1096 c.
173 1057 211 1094 ⁴·
239 1044 396 1098 capitale
424 1049 568 1086 crimen
595 1049 721 1101 postca
762 1048 853 1088 fecit

113 1098 215 1140 Iulia
233 1098 304 1140 lex.
319 1104 422 1155 epist.
439 1114 500 1156 14.
528 1107 719 1146 quenalis
731 1108 804 1145 Sat.
816 1117 853 1145 2.

114 1170 151 1197 v.
162 1168 231 1212 44.
261 1159 463 1198 Suetonius
474 1163 747 1202 inDomitiano
773 1168 853 1221 ⁶:8⁸

168 1244 262 1284 Pola
290 1244 484 1299 elocutus]
539 1248 611 1286 Vix
646 1248 718 1287 hoc
760 1247 848 1287 Pola

111 1303 266 1342 Seruius
284 1301 478 1342 accusator
498 1303 656 1347 dixerat.
715 1305 848 1352 Antea,

106 1358 367 1414 praelocutus.
395 1373 487 1410 ego,
518 1364 661 1400 cumin
683 1364 848 1414 antiquis

99 1408 223 1460 'lib-ris
241 1415 430 1463 viderem,
443 1419 531 1457 Pale
549 1418 711 1465 locutus,
728 1417 849 1469 legen-

113 1471 206 1511 dum
227 1474 383 1525 putaui,
409 1475 506 1514 Pola
527 1473 702 1516 elccutus.
731 1475 850 1528 poffet

114 1530 246 1576 etiam,
278 1530 393 1569 Palae
424 1532 589 1571 locutus:
615 1531 656 1571 id
685 1533 760 1579 est,
787 1536 851 1572 vix

100 1581 227 1626 -I'olae
260 1584 408 1626 dixerat
439 1589 606 1641 Appius,
644 1603 783 1643 cupere
816 1590 852 1628 se

101 1643 210 1683 >mihi
230 1642 483 1683 accusatorem
510 1658 666 1698 ponere.
706 1661 791 1685 nam
816 1657 853 1686 et

118 1697 252 1754 paullo
275 1711 362 1740 ante
385 1700 541 1740 Coelius
565 1716 648 1741 cum
676 1702 790 1741 dandi
803 1718 856 1742 ca-

101 1757 155 1796 ·su
175 1755 277 1796 idem
301 1760 465 1798 verbum
485 1760 695 1807 coniunxit,
709 1763 856 1810 amicis,

117 1815 260 1868 inquit,
279 1815 429 1856 locutus
442 1816 548 1867 sum.

171 1900 291 1956 Qod
320 1900 456 1940 melius
487 1900 666 1954 caderet]
727 1903 853 1949 Quam

115 1956 326 2003 censorem,
355 1958 423 2009 qui
445 1957 620 1996 moribus
638 1960 798 2010 praeest,
817 1969 853 1998 et

96 2014 288 2063 'magister
315 2027 467 2053 morum
498 2012 738 2067 appellatur,
770 2013 852 2065 lege

112 2071 303 2111 Scantinia
323 2071 363 2108 in
384 2069 570 2110 iudicium
590 2084 742 2110 vocare.

171 2157 206 2195 Α
233 2155 379 2208 populo,
400 2166 440 2196 et
455 2170 531 2196 non
548 2156 676 2210 infimo
694 2153 854 2210 quoque]

116 2211 288 2259 Addidit,
330 2226 403 2251 non
449 2213 578 2267 infimo
623 2225 784 2269 quoque,
813 2223 854 2251 vt

115 2268 339 2316 ostenderet,
369 2269 519 2310 nobiles
541 2272 656 2310 etiam
675 2268 852 2308 homines

112 2326 155 2366 id
175 2325 368 2380 probaffe:
400 2329 480 2380 qui,
512 2325 600 2367 licet
626 2323 764 2381 populi
784 2339 853 2364 no-

112 2385 218 2423 mine
247 2383 644 2436 comprehendantur,
683 2383 852 2434 permisti

113 2450 241 2480 tamen
264 2441 304 2478 in
322 2438 568 2480 multitudine
587 2454 668 2481 non
688 2437 774 2477 satis
795 2440 852 2477 in·

111 2494 391 2536 ternoscuntur.

170 2567 318 2621 Fama]
350 2567 448 2604 Cum
468 2561 755 2611 increbesceret,
768 2577 854 2602 cen-

112 2622 251 2672 sorem,
276 2622 510 2672 corrigendis
541 2621 716 2660 moribus
745 2634 852 2673 prae-

99 2676 301 2734 positum,
334 2689 424 2734 *tam
454 2679 558 2732 turpi
586 2678 744 2718 crimine
783 2690 851 2732 po-

98 2735 271 2778 stulari.

909 70 1016 115 LIB,
1048 72 1148 112 VIII.
1185 74 1379 114 EPIST.
1406 77 1495 116 XII.
1561 82 1644 137 589

967 180 1278 233 Coepifitcellum,
1294 187 1334 224 in
1350 186 1459 229 domo
1473 165 1645 248 quoiqst,

885 273 888 277 .
913 236 962 276 ab
979 252 1017 276 eo
1039 238 1191 290 petere]
1231 241 1439 286 Censorum
1475 261 1555 289 erat
1582 264 1644 290 cu-

912 307 1020 340 rare,
1052 305 1091 333 vt
1119 293 1252 335 sacella
1271 313 1348 338 non
1362 339 1366 344 ,
1380 304 1419 341 in
1439 304 1556 345 domo
1578 322 1645 347 cu·

911 352 1084 403 iusquam
1118 351 1234 392 css'ent
1251 384 1261 401 ,
1290 355 1349 394 sed
1369 359 1515 415 populo
1540 375 1642 416 pate·

910 418 1004 446 rent.
1032 409 1161 460 itaque
1182 412 1314 450 Liuius
1340 412 1404 455 lib.
1428 431 1495 469 40.
1526 433 1555 459 c.
1576 434 1644 474 51.

910 465 975 503 vbi
996 462 1167 516 loquitur
1192 467 1237 505 de
1270 471 1415 523 Lepido
1438 486 1474 513 ct
1504 475 1643 518 Fuluio

910 519 1150 569 censoribus,
1179 527 1394 576 complura,
1420 532 1567 584 inquit,
1603 550 1644 573 u-

908 578 1005 616 cella
1022 578 1187 629 publica,
1212 597 1306 635 quae
1328 598 1506 638 occupata
1524 604 1549 628 a
1561 592 1644 642 pri·

909 636 1043 683 vatis;
1067 635 1291 692 publicaque
1309 640 1432 690 sacra
1459 655 1501 684 vt
1534 643 1644 700 efferet

903 701 1147 747 paterentque
1158 697 1307 745 populO,
1319 711 1520 739 curarum.
1548 704 1645 743 Coe·

911 747 982 785 lius
1003 760 1127 787 autem
1141 778 1151 795 ‚
1172 763 1211 789 vt
1228 753 1453 803 ostenderet,
1477 761 1642 812 Appium

912 803 1101 844 censorem
1123 806 1249 846 officio
1269 808 1334 848 suo
1352 810 1493 860 deesse,
1516 827 1642 867 petere

911 864 1035 914 coepit
1057 865 1104 901 ab
1124 877 1184 910 cO,
1210 878 1251 904 vt
1271 866 1443 910 sacellum
1463 873 1504 909 in
1524 873 1642 913 domo

909 920 1057 971 priuata
1070 934 1118 958 ne
1139 919 1437 974 relinqueretur:
1464 930 1568 967 cuius
1587 932 1644 968 rei

909 989 997 1013 cura
1023 979 1157 1029 Appii,
1188 981 1254 1030 qui
1284 981 1415 1021 censor
1447 996 1548 1031 erat,
1571 986 1644 1026 ess'e

909 1029 1102 1071 debuerat.
1141 1034 1203 1072 sed
1231 1034 1412 1077 libentius
1448 1041 1645 1082 intellexe-

908 1090 981 1128 rim
1001 1089 1048 1128 de
1070 1089 1225 1139 sacello,
1254 1095 1358 1146 quod
1389 1096 1466 1150 ipse
1500 1102 1643 1153 Appius

909 1145 1141 1198 occupasset:
1172 1162 1217 1187 ex
1236 1164 1314 1203 quo
1338 1155 1493 1201 grauior
1503 1158 1538 1194 ei
1558 1171 1646 1195 con·
1708 1186 1715 1191 -

911 1205 1021 1241 citata
1043 1201 1130 1243 esset
1147 1206 1304 1255 inuidia,
1323 1213 1513 1263 occupatis
1531 1214 1646 1253 rebus

912 1273 934 1298 a
954 1259 1119 1308 censore,
1141 1275 1233 1314 quas
1257 1265 1402 1314 censor,
1422 1269 1469 1306 ab
1489 1267 1572 1307 aliis
1585 1283 1645 1310 oc·

907 1328 1070 1370 cupataS,
1082 1318 1228 1371 populo
1239 1322 1438 1364 restituere
1448 1324 1618 1370 deberet.

960 1403 1134 1454 Amplius
1162 1402 1422 1462 quadraginta
1459 1409 1601 1461 rnarfit
1624 1407 1645 1463 ]

909 1458 1012 1506 Qid
1030 1460 1080 1497 est
1101 1458 1196 1498 hoc?
1225 1474 1286 1508 an,
1309 1466 1570 1521 quadraginta
1582 1469 1648 1506 lit·

908 1517 1045 1554 teras?
1074 1519 1250 1555 Latinum
1269 1532 1348 1557 non
1379 1522 1441 1559 est.
1479 1522 1648 1575 quadra-

908 1585 1026 1627 genas
1046 1575 1146 1612 enim
1166 1575 1342 1622 litteras,
1373 1579 1500 1629 potius
1531 1592 1647 1632 quam

908 1631 1191 1683 quadraginta,
1219 1641 1255 1669 et
1284 1633 1546 1690 quadraginta
1572 1639 1648 1690 epi·

896 1685 1035 1739 stolas,
1066 1688 1194 1738 potius
1225 1701 1338 1740 quam
1369 1690 1648 1744 quadragenas,

911 1743 1040 1780 Latini
1059 1742 1242 1782 sermonis
1267 1743 1500 1790 consuetudo
1522 1749 1648 1800 postu-

910 1797 982 1837 lat:
1010 1800 1089 1846 nisi,
1122 1801 1146 1838 fi
1164 1800 1352 1854 scripserit
1386 1803 1556 1851 Coelius,
1570 1807 1650 1853 XL,

910 1868 954 1893 ex
978 1869 1056 1908 quo
1087 1857 1286 1910 imperitus
1310 1857 1487 1898 librarius
1515 1861 1651 1900 descri-

910 1913 989 1964 psit,
1006 1912 1279 1969 quadraginta.
1308 1929 1442 1954 verum
1454 1918 1546 1969 quid
1557 1918 1651 1957 haec

910 1971 1046 2008 attinet
1066 1968 1270 2019 colligere?
1306 1986 1388 2011 cum
1411 1975 1450 2011 in
1486 1976 1648 2028 antiquo

910 2027 1054 2075 Sigonii
1083 2024 1185 2066 libro
1219 2027 1353 2067 diserte
1388 2027 1565 2083 scripturn
1593 2033 1649 2078 fit,

912 2081 1177 2138 quadraginta
1209 2084 1337 2124 diebus
1357 2086 1477 2138 mg‘lz't.
1519 2101 1650 2140 quam-

911 2152 1023 2192 quam
1041 2140 1081 2176 in
1105 2140 1225 2179 verbo
1237 2141 1357 2194 mg'fi'ss
1375 2140 1553 2183 librarius
1566 2159 1650 2197 pec-

910 2198 1030 2235 cauit:
1069 2197 1175 2248 quod
1212 2211 1319 2237 meus
1347 2197 1472 2247 liber,
1502 2199 1646 2254 aliique

908 2264 1113 2302 corrigunt.

963 2338 1043 2377 Scis
1067 2336 1239 2377 Domitio
1268 2336 1369 2378 diem
1396 2341 1531 2381 timori
1560 2339 1644 2396 ‘’ffi']

909 2393 1090 2432 Similiter
1107 2392 1254 2433 locutus
1275 2397 1377 2449 epist.
1393 2407 1454 2447 14.
1483 2391 1630 2451 Scis'flp

905 2453 1008 2505 plum
1027 2451 1211 2500 censorem
1238 2451 1297 2491 hic
1326 2452 1469 2506 qstenta
1489 2455 1591 2505 fuce!
1605 2457 1650 2494 e?

909 2505 984 2547 Sed
1003 2520 1086 2545 cum
1110 2505 1267 2546 obscura
1287 2507 1468 2548 sententia
1481 2512 1544 2551 est.
1567 2523 1647 2550 tum

907 2564 961 2602 ita
981 2562 1190 2615 discrepant
1210 2566 1309 2603 inter
1328 2564 1364 2605 se
1389 2578 1533 2606 veteres
1545 2566 1648 2612 libri,

908 2630 951 2660 vt
969 2619 1130 2659 obscuro
1153 2633 1222 2672 per
1239 2620 1274 2660 se
1293 2620 1394 2668 loco,
1411 2625 1573 2662 maiores
1595 2635 1646 2662 et-

906 2677 983 2715 iam
1001 2677 1174 2715 tenebras
1195 2676 1407 2717 offundant.
1489 2681 1534 2718 In
1565 2693 1643 2718 vno

906 2746 994 2773 meo
1013 2732 1193 2786 scriptum
1212 2736 1262 2772 est
1287 2735 1360 2773 hoc
1377 2733 1516 2784 modo,
1545 2734 1650 2776 diem

1535 2802 1565 2831 tc
1579 2805 1649 2832 sior
