1863 3172
228 131 312 201 ⁵¹⁴

231 229 432 284 vulgares,
453 225 533 277 fi’tl
559 227 764 266 interiores
795 222 980 280 quaedam

237 296 275 327 et
304 281 530 322 reconditae.

292 341 394 380 Meis
416 338 589 390 (deleuit
620 336 788 390 ERN.)]
828 337 978 385 Qiibus

239 413 309 447 ego
345 397 506 434 maxime
552 393 743 442 deletitor3
781 394 979 432 amoribus

238 470 275 493 et
300 452 442 491 deliciis
471 454 576 491 meis.
631 480 645 489 ,

298 511 610 549 Verre-mulierem
643 522 701 547 me
731 507 772 545 in
799 504 984 561 loquendo

237 566 354 618 fucis]
384 567 504 604 {ocari
523 567 750 603 Ciceronem
770 577 850 601 non
871 562 981 600 dubi-

230 616 302 669 ⁸to:
347 638 429 661 cum
463 621 540 675 ipse
577 622 728 674 potius,
759 619 980 672 eloquentia

238 681 353 727 longe
376 680 556 718 omnibus
587 675 837 724 antecellens,
864 677 981 714 maxi-

239 751 375 789 meque
407 736 542 775 litteris
572 735 819 773 interioribus
847 733 983 770 instru-

239 799 343 841 ems,
380 791 673 833 verecundiores
708 789 804 829 alios
843 790 884 827 in
923 786 979 827 lo-

243 849 397 906 quendo
423 849 576 889 faceret.

299 905 536 958 Indicarum]
581 902 854 947 Deliberatum,
892 914 980 940 con-

241 966 424 1006 stitutum.

300 1022 500 1069 Patietur]
556 1011 659 1057 Mihi
683 1016 830 1069 optanti
850 1028 980 1054 conce-

241 1077 316 1117 dat.

302 1134 436 1185 Volet]
463 1130 533 1172 Vel
551 1132 576 1169 fi
597 1129 676 1184 ipse
691 1144 773 1168 non
793 1141 935 1181 optem.

298 1190 498 1241 Deponere
506 1189 616 1228 illam
624 1187 840 1240 personam]
869 1183 980 1225 Caus-

243 1248 298 1288 sas
318 1260 398 1285 non
417 1259 541 1295 agere,
571 1259 639 1283 nec
660 1246 700 1282 in
720 1243 889 1282 senatum
918 1245 981 1282 ve'-

244 1307 339 1345 nire.
423 1306 563 1356 Supra:
613 1301 786 1340 Multam
805 1300 980 1352 salutem

234 1374 284 1413 ,et
298 1360 391 1413 foro
411 1359 552 1406 dicam,
573 1369 611 1398 et
637 1359 778 1397 curiae.
835 1358 980 1395 Trans.

247 1418 340 1458 latio
368 1417 415 1455 ab
453 1415 711 1460 histrionibus,
750 1415 818 1466 qui
856 1414 979 1452 varias

244 1474 420 1530 personas
435 1471 650 1526 suscipiunt,
662 1482 699 1510 et
718 1470 833 1509 modo
855 1469 981 1509 senem

245 1542 375 1582 agunt,
402 1530 520 1568 modo
546 1532 748 1576 iuuenem,
776 1526 892 1566 modo
920 1527 983 1566 he·

431 113 652 157 PAVLLI
687 88 981 153 MANVT'H
1016 111 1533 163 COMMENTAmvs

1093 222 1196 275 lam]
1234 223 1494 276 Cupiditatem
1523 223 1663 262 indicat
1686 224 1776 263 haee

1036 279 1220 335 particula
1248 279 1430 332 personae
1459 280 1718 334 deponendae.

1094 335 1281 388 Probaui]
1331 341 1383 376 Vt
1410 338 1606 376 histriones
1630 336 1776 392 populo

1038 392 1073 432 se
1094 394 1274 446 probant,
1302 407 1387 431 cum
1412 391 1493 431 suas
1526 398 1674 444 egregie
1694 408 1777 447 par-

1037 461 1093 490 tes
1120 459 1256 498 aguntz
1284 450 1337 488 ita
1358 463 1428 498 ego
1455 463 1516 487 me
1543 451 1693 490 Caesari
1725 450 1777 489 sa-

1036 507 1179 546 tisiam
1199 506 1384 558 probaui3
1423 519 1509 544 cum
1539 517 1574 545 et
1607 511 1646 546 in
1675 507 1777 546 sena-

1035 573 1115 602 tum
1136 564 1321 609 venerim,
1339 571 1376 601 et
1396 561 1534 601 causs'as
1563 564 1664 616 apud
1689 579 1777 610 eum

1035 621 1188 669 egerim,
1209 629 1250 658 vt
1266 633 1338 673 pro
1363 621 1561 666 Deiotaro,
1583 633 1654 674 pro
1668 623 1775 670 Liga-

1034 691 1107 716 rio.

1093 733 1155 771 Ac
1174 746 1233 772 me
1251 742 1371 771 totum
1385 733 1426 771 in
1446 732 1602 771 litteras
1621 730 1777 786 abdere]

1036 791 1121 828 Lib.
1134 799 1172 842 9.
1202 790 1305 842 epist.
1329 799 1396 830 20.
1449 790 1611 828 Litteris
1633 803 1692 830 me
1721 791 1778 828 in·

1036 847 1162 886 vetuo.

1096 902 1161 942 Ne
1195 901 1415 952 perinuitus
1450 911 1562 940 ERN.
1601 900 1778 954 pluribus·

1037 957 1217 1015 legerem]
1250 960 1489 1009 Qiamquam
1512 957 1668 998 obscura
1698 959 1777 998 sen-

1038 1017 1154 1061 tentia
1168 1016 1230 1060 est,
1240 1012 1457 1052 consensum
1469 1025 1592 1054 tamen
1604 1018 1778 1056 omnium

1036 1075 1285 1125 antiquorum
1312 1069 1514 1110 libr‘orum
1533 1087 1612 1111 non
1648 1072 1778 1120 video,

1037 1144 1104 1168 cur
1123 1139 1373 1167 contemnam.
1429 1130 1664 1176 Ρενὶηιιίηυ,
1703 1143 1775 1183 pro

1030 1185 1222 1239 pluribus,
1243 1183 1417 1237 placeret,
1442 1186 1466 1223 fi
1501 1183 1560 1224 vel
1591 1187 1701 1225 vnius
1734 1184 1776 1225 li-

1036 1244 1097 1282 bri
1128 1244 1266 1282 veteris
1303 1243 1518 1281 testimonio
1555 1243 1775 1296 comproba-

1034 1311 1152 1347 retur,
1166 1308 1244 1346 aut,
1264 1300 1289 1337 fi
1309 1300 1471 1338 mutatio
1488 1312 1600 1351 quam
1619 1302 1776 1339 minima

1035 1359 1161 1396 fieret:
1192 1355 1295 1408 quod
1315 1357 1354 1394 in
1391 1358 1617 1395 coniecfturis
1637 1358 1775 1410 proba-
1835 1391 1842 1394 .

1035 1428 1076 1453 re
1106 1415 1267 1454 maxime
1296 1411 1411 1452 soleo.
1462 1427 1560 1461 nam,
1592 1413 1695 1465 quod
1725 1414 1774 1453 ad

1034 1470 1257 1510 sententiam
1289 1472 1448 1516 attinet,
1475 1472 1575 1509 rec‘}e
1605 1468 1774 1524 op'pone-

1036 1538 1179 1574 rentur,
1197 1528 1419 1578 perinuitun
1436 1528 1608 1584 legerem,
1630 1529 1775 1583 gratis

248 1603 347 1638 rum,
365 1587 481 1628 modo
500 1586 663 1629 seruum.
685 1583 749 1625 lib.
763 1595 798 1639 ς.
819 1585 921 1639 epist.
943 1595 980 1635 3.
1026 1584 1147 1637 fimas
1167 1583 1271 1636 fore.

1535 2841 1760 2885 PAVLLI
