1863 3172
357 143 426 184 IN
451 140 569 183 CIC.
600 142 790 184 EPIST.
818 141 956 183 FAM.
984 140 1181 181 LIB.V1.
1222 139 1415 181 EPIST.
1443 141 1475 185 I.

139 267 182 298 vt
198 256 259 296 hic
278 253 356 308 ipse
377 253 495 294 Tusc.
511 265 547 308 5.
566 269 596 295 c.
609 267 673 310 34.
705 256 760 295 Vt
779 255 884 311 quid-

139 312 235 370 quid
249 311 431 352 obieHum
453 313 514 367 est,
535 311 638 366 quod
651 313 761 352 modo
777 327 801 350 a
813 325 882 352 na-

139 382 233 411 tura
255 383 327 408 non
336 414 344 421 ·
347 368 399 419 fit
418 371 600 417 alienum,
626 383 668 409 co
686 379 883 408 contentae

138 440 212 466 non
234 437 427 479 quaerunt
447 426 624 479 amplius.
659 426 742 465 Lib.
766 437 806 478 4.
837 425 881 479 sin

136 486 225 523 Ver.
247 496 275 521 c.
294 495 354 535 ¹3·
385 484 448 522 Ita
467 482 730 523 odorabantur
750 482 882 520 omnia

136 550 175 579 et
193 540 513 596 pcrnqfltgabant,
533 551 591 588 vt,
612 538 678 580 vbi
692 536 884 594 quidquid

135 594 245 648 efflet,
280 600 413 652 aliqua
453 599 606 636 ratione
644 598 879 635 inuenirent.

135 652 288 693 Plautus
338 656 378 692 in
423 655 542 692 Trin.
595 654 675 692 Aet.
688 664 728 706 4.
769 653 823 691 Sc.
841 663 879 694 2.

138 724 174 750 v.
200 722 265 764 39.

186 783 254 824 Sin
282 794 399 822 vnum
429 778 623 835 quidquid
632 779 878 836 stngillatim

299 849 338 878 et
348 836 506 892 placide
518 837 820 890 percunflabere.

131 911 331 952 Lucretius
349 920 478 949 autem
497 907 714 963 saepiffime.

192 981 304 1021 Oculi
322 993 466 1038 augent
476 979 663 1035 dolorem]
695 982 875 1021 Oratorie

132 1038 251 1078 modo
273 1037 417 1077 sensum
439 1037 640 1078 oculorum
667 1049 792 1088 auget,
810 1052 874 1078 au-

132 1097 235 1135 rium
252 1096 459 1143 imminuit,
483 1096 600 1136 modo
622 1106 764 1135 contra.
784 1110 874 1136 nam

131 1150 200 1192 lib.
221 1166 260 1206 4.
290 1154 392 1206 epist.
406 1165 444 1206 9.
472 1156 625 1193 aurium
653 1152 758 1198 sensu
787 1152 872 1207 plus

132 1209 290 1256 doloris=
310 1224 423 1262 quam
443 1209 563 1249 oculis
591 1213 735 1265 percipi
756 1210 872 1250 dixit:

133 1269 223 1320 quia
253 1266 436 1306 Marcello
471 1268 637 1308 reditum
670 1267 870 1308 suadebat:

130 1325 206 1372 hic,
233 1336 272 1363 vt
293 1324 486 1364 absentem
503 1327 755 1378 Torquatum
782 1340 870 1364 con-

131 1380 289 1428 soletur,
312 1381 432 1420 oculis
454 1384 586 1431 augeri
611 1380 786 1422 dolorem
806 1384 870 1421 ait.

131 1450 170 1477 et
184 1440 287 1492 epist.
300 1452 337 1492 4.
368 1439 414 1478 In
433 1441 558 1487 malis,
587 1440 725 1492 inquit,
754 1442 871 1479 omni-

133 1495 202 1536 bus
238 1495 413 1534 acerbius
434 1495 481 1550 {st
501 1495 641 1543 videre,
660 1511 775 1553 quam
804 1511 870 1536 au-

132 1552 231 1593 dire.
260 1562 297 1590 et
314 1551 431 1605 lib.4.
466 1554 570 1606 epist.
597 1565 660 1607 13.
705 1554 788 1593 Nec
807 1568 873 1593 au·

131 1611 196 1650 dio
215 1609 356 1660 filum,
384 1608 488 1664 qnod
514 1610 633 1662 ipsum
659 1607 740 1663 estet
769 1611 874 1661 mifi-

133 1681 235 1712 rum,
245 1666 319 1717 sed
338 1669 456 1706 etiam
478 1666 598 1713 video,
620 1681 691 1722 quo
708 1666 809 1706 nihil
826 1667 874 1721 5st

130 1723 313 1770 acerbius,
340 1736 468 1763 eorum
483 1722 672 1776 fortunas
691 1721 876 1776 dcffi'pari.

190 1794 338 1834 Intueri
356 1794 561 1850 coguntur]
645 1797 734 1843 Qio
761 1794 875 1834 dolor

132 1852 175 1892 fit
195 1852 380 1891 acerbior.
409 1850 544 1889 audire
561 1862 700 1898 autem,
713 1854 777 1906 qui
791 1866 871 1891 non

130 1907 238 1955 vult,
265 1921 343 1946 non
373 1909 542 1956 cogitur:
582 1909 713 1962 itaque
752 1911 872 1962 potest

131 1975 307 2005 auertere
328 1966 601 2014 cogitationem
627 1980 649 2004 a
668 1965 840 2005 miseriis.

190 2022 275 2062 Nec
294 2033 468 2061 auertere
496 2036 522 2060 a
549 2023 710 2074 miseriis
730 2025 871 2078 cogita-

130 2079 272 2121 tionem
289 2077 449 2131 fihunt]
535 2080 568 2116 A
599 2078 870 2118 consuetudine

131 2138 236 2175 enim
259 2134 461 2188 oculorum
480 2135 651 2175 animum
669 2136 871 2185 abducere,

132 2190 400 2232 difficillimum
427 2193 489 2231 est.

188 2249 414 2289 Multarum
468 2261 600 2287 rerum
654 2246 867 2304 dqfiderio]

134 2309 240 2355 Qxas
260 2320 344 2345 cum
370 2303 564 2359 republica
581 2304 869 2357 perdiderimus.

192 2363 284 2402 Cum
313 2376 451 2418 magna
484 2361 650 2415 molfflia
681 2372 763 2401 tuos
785 2373 871 2402 tua-

133 2432 205 2475 que
223 2418 436 2473 defideras]
475 2419 635 2458 Liberos
655 2419 696 2456 in
717 2421 873 2472 primis:

135 2477 184 2516 de
203 2477 340 2530 quibus
374 2477 477 2530 epist.
490 2488 530 2529 4.
588 2475 788 2529 Reliquum
807 2475 872 2531 est,

132 2544 179 2574 vt
199 2545 237 2574 te
257 2544 386 2588 angat,
403 2531 505 2588 quod
520 2530 614 2583 absis
644 2546 667 2570 a
695 2534 772 2571 tuis
790 2543 873 2572 tam

133 2588 216 2631 diu.
307 2590 378 2629 Res
399 2588 564 2644 molesta,
583 2588 806 2640 praesertim
824 2587 873 2628 ab

134 2649 185 2687 iis
201 2648 349 2698 pueris,
376 2644 511 2701 quihus
541 2645 638 2685 nihil
660 2645 780 2703 potest
808 2642 873 2700 est}

128 2703 315 2758 festinius.
446 2697 451 2703 ’

195 2763 274 2799 Aut
288 2758 532 2811 praec-[paam
562 2757 733 2811 aliquam
744 2754 877 2810 fortu-

137 2813 226 2858 itam
241 2814 448 2872 postulare,
480 2825 550 2857 aut
560 2828 808 2871 communem·
821 2829 881 2858 re·

1605 151 1689 196 373

938 252 1090 306 ctfizre]
1121 254 1179 293 Sic
1198 252 1263 294 lib.
1276 267 1316 308 4.
1346 256 1449 309 epist.
1472 267 1536 309 15.
1597 258 1688 299 Non

940 310 1051 352 debes
1091 323 1162 350 aut
1189 313 1390 364 propriam
1412 313 1618 366 fortunam
1645 327 1686 356 et

935 369 1184 420 praecipuam
1203 369 1404 423 postulare,
1429 383 1499 412 aut
1523 385 1686 414 commu-

938 438 1025 464 nem
1052 424 1240 476 recufiare.

993 497 1157 552 Agitare
1176 497 1322 551 animo]
1380 498 1525 537 Tribus
1556 498 1681 539 modic

936 551 1009 590 hoc
1026 553 1189 592 verbum
1208 553 1254 592 ad
1279 553 1435 593 eandem
1457 555 1680 599 sententiam

935 609 1267 657 accommodatur,
1322 614 1476 669 agitare
1537 615 1679 664 animo,

935 666 1090 721 agitare
1108 670 1148 705 in
1168 679 1302 714 mente,
1323 671 1476 724 agitare
1506 670 1682 723 {implici-

936 732 1006 762 tcr.
1049 725 1194 776 primus
1240 725 1312 763 hoc
1344 727 1384 764 in
1422 724 1508 765 loco
1538 728 1675 768 modus

935 781 1159 829 ostenditur,
1195 792 1233 821 et
1281 795 1353 835 pro
1391 783 1552 822 Fonteio
1586 800 1615 824 c.
1634 784 1675 827 6.

936 838 976 878 V
974 852 1012 877 ω
1033 849 1067 878 et
1076 839 1230 890 saepius
1250 838 1408 879 eandem
1431 855 1513 880 rem
1531 847 1673 884 ammis-

931 896 1096 950 agitare‚
1115 907 1153 935 et
1167 894 1317 936 diutins
1336 911 1410 936 vno
1437 895 1486 938 de
1503 899 1592 952 teste
1615 915 1672 942 co-

923 955 1059 1007 gitare
1071 952 1235 1008 potestis.
1265 952 1372 993 Alter
1390 952 1457 993 lib.
1477 967 1507 995 1.
1529 957 1672 1000 deNat.

933 1007 1037 1049 deor.
1078 1022 1187 1064 (341,
1271 1010 1397 1052 Habet
1421 1010 1520 1053 nihil
1547 1016 1674 1066 alind,

955 1065 1034 1108 uod
1064 1070 1185 1123 agitet
1216 1068 1257 1107 in
1292 1079 1427 1109 mente.
1507 1073 1672 1114 Tertius

930 1080 996 1163 fib.
1009 1134 1045 1174 3.
1067 1127 1108 1163 in
1123 1129 1210 1164 Ver.
1240 1139 1269 1164 c.
1284 1128 1352 1178 96.
1424 1127 1581 1184 Qtocffi'
1601 1134 1671 1173 ille

929 1181 995 1220 hoc
1015 1196 1133 1222 vnum
1153 1184 1303 1238 agitare
1321 1188 1491 1235 coeperit,
1517 1184 1578 1237 effi*
1600 1190 1672 1230 ali-

925 1236 1028 1292 quod
1038 1251 1161 1294 genus
1188 1238 1372 1295 cogendae
1395 1243 1587 1293 pecuniae.
1658 1249 1660 1251 ’

973 1310 1029 1354 ‘V
1023 1321 1042 1349 t
1067 1324 1141 1350 nou
1181 1310 1365 1351 adhibeas
1398 1313 1442 1351 in
1472 1314 1673 1367 corfilt'um

927 1368 1202 1422 cogitationum
1238 1379 1395 1408 tuarum
1438 1367 1672 1423 desperatio-

928 1436 1012 1462 nem
1033 1434 1104 1463 aut
1120 1425 1315 1478 timorem]
1356 1425 1411 1465 Vt
1432 1427 1473 1463 in
1505 1431 1581 1468 tuis
1608 1445 1670 1470 co-

927 1481 1177 1529 gitationibus
1229 1480 1357 1521 locum
1414 1481 1669 1536 desperationi

928 1548 995 1578 aut
1012 1539 1143 1578 timori
1162 1537 1312 1577 nullum
1332 1539 1498 1589 tribuas-z
1541 1543 1581 1582 id
1603 1547 1668 1592 est,

929 1603 972 1633 vt
1002 1608 1128 1647 neque
1155 1595 1202 1635 de
1233 1595 1360 1636 reditu
1389 1595 1575 1650 desperes,
1603 1616 1668 1642 ne·

930 1665 1006 1706 que
1025 1650 1135 1693 saluti
1155 1662 1241 1692 tuae
1269 1655 1413 1693 timeas.

989 1723 1074 1779 Qci
1091 1724 1133 1762 in
1152 1735 1191 1764 te
1211 1721 1335 1765 adhuc
1352 1725 1539 1781 iniustior,
1552 1743 1669 1785 quam

928 1790 1000 1820 tua
1015 1778 1188 1836 dignitas
1203 1780 1430 1836 postulabat,
1441 1783 1545 1837 fuit]
1578 1789 1669 1827 Cae-

926 1834 1045 1875 sarem
1084 1837 1281 1886 significari
1316 1838 1555 1881 manifestum
1593 1846 1666 1886 est:

927 1891 973 1931 de
1023 1907 1102 1946 quo
1152 1893 1301 1947 paullo·
1331 1896 1460 1935 mitius
1497 1901 1600 1951 epist.
1626 1913 1668 1956 4.

925 1950 1024 1995 Eius⁴
1037 1951 1150 1998 enim,
1163 1952 1230 2007 qui
1245 1950 1400 1992 tardior
1422 1955 1463 1993 in
1481 1966 1520 1994 te
1536 1957 1668 1997 leuan-

924 2004 974 2047 do
987 2006 1086 2058 fuit,
1106 2021 1221 2062 quam
1236 2008 1328 2060 fore
1341 2018 1583 2061 patararum,
1595 2029 1667 2056 non
1690 2050 1693 2054 ,

925 2062 977 2118 est
991 2063 1085 2104 mihi
1110 2061 1231 2105 dubia
1261 2063 1307 2105 de
1337 2076 1408 2107 tua
1423 2067 1559 2118 solute
1577 2071 1668 2123 stn-

923 2121 1062 2160 tentia.

983 2191 1077 2230 Non
1104 2188 1260 2247 magna]
1345 2192 1546 2235 Affirmant
1568 2196 1666 2239 duae

925 2256 1105 2297 negantes
1126 2245 1346 2300 particulae,
1367 2248 1428 2288 sed
1447 2253 1512 2299 ita,
1533 2264 1575 2293 vt
1601 2255 1666 2295 ali-

925 2303 1018 2357 quid
1049 2305 1290 2343 imminuant.
1336 2304 1420 2358 plus
1450 2310 1551 2348 enim
1585 2322 1666 2354 erat

927 2373 1067 2417 magna
1063 2358 1199 2416 stgna,
1211 2373 1337 2414 quam,
1356 2376 1504 2404 necnon
1513 2380 1576 2406 ma
1602 2383 1665 2409 na.

986 2417 1071 2457 Nec
1091 2427 1221 2457 tamen
1238 2419 1271 2457 is
1289 2418 1386 2470 ipfi’]
1435 2423 1516 2462 Cur
1535 2382 1665 2465 safutis

925 2471 1153 2513 amittendae
1176 2475 1315 2513 timore
1345 2489 1549 2528 angantur,
1579 2497 1666 2524 cum

925 2533 958 2569 is
973 2529 1064 2584 ipffe,
1083 2543 1106 2568 a
1132 2544 1212 2583 quo
1231 2529 1375 2572 seruari
1395 2533 1586 2586 volumus,
1602 2553 1665 2579 eo-

927 2586 1012 2627 dem
1030 2588 1168 2626 timore
1180 2601 1313 2627 vacare
1337 2603 1415 2628 non
1429 2593 1565 2644 poffitZ
1592 2599 1668 2634 Au-

926 2646 1079 2694 gurium
1117 2645 1312 2695 Ciceronis
1348 2646 1458 2688 breui
1497 2650 1669 2692 Caesario

932 2702 1108 2742 interitus
1127 2702 1405 2755 comprobanit.

990 2758 1172 2799 Omnium
1189 2757 1376 2799 bellorum
1390 2759 1528 2814 {exitus
1548 2764 1677 2804 incer·

934 2813 985 2869 ti]
1015 2815 1145 2855 Vtrius
1163 2817 1281 2872 partis
1299 2817 1673 2870 victoriam-futura,

996 2874 1058 2913 Aa
1085 2878 1110 2922 3
1552 2878 1674 2920 incer·
