1863 3172
196 114 279 156 450

413 98 638 137 PAVLLI
686 98 977 138 MANVTH
1021 86 1535 152 COMMENTARIVS

198 215 249 252 13:22
269 225 342 264 qua
367 212 456 249 Atti}
478 209 687 258 tragoedia·
704 210 773 248 sint
801 209 842 249 hi
860 225 944 249 ver·
984 210 1071 266 fibi
1091 208 1426 274 Sapienssprjodeffi’
1444 223 1520 249 non
1548 208 1644 264 quit,
1678 222 1742 250 nec

198 269 272 313 sus,
293 267 497 305 {hiscimus
524 266 700 313 ostendit,
721 267 824 319 quod
844 269 942 306 omi*

199 326 241 364 fit
260 324 415 362 Cicero:
447 324 499 361 ait
527 335 654 361 autem
682 323 754 361 ess'e
785 337 831 362 ex
859 327 942 363 Me-

202 382 283 420 dea.
342 383 525 428 Qxartam
548 380 781 429 tragoediam
802 380 849 420 de
861 382 940 420 Me-

199 438 267 476 dea
305 436 480 490 scriptam
509 450 529 474 a
560 439 747 486 Pacuuio,
777 452 825 476 ne
855 440 940 491 quis

197 494 337 533 credat.
379 508 479 542 nam,
515 495 579 532 etsi
625 494 726 547 apud
764 497 939 534 Nonium

196 550 303 603 saepe
322 544 547 604 appellatur,
568 553 610 590 in
620 549 784 590 Medea:
813 562 938 590 tamen

194 609 338 659 vbique
376 618 525 647 veteres
570 606 660 646 libri
683 604 868 656 'habent,
896 610 939 647 in

197 663 339 705 Medo:
366 664 470 717 quod
493 661 566 702 effe
594 665 756 712 reffius,
780 667 937 703 minime

195 722 345 761 dubito.
385 721 459 760 fuit
499 722 601 759 enim
640 720 739 759 filins
778 721 936 760 Medeae

195 778 352 819 Medus:
385 776 679 830 tragoediaeque
699 777 744 816 de
765 792 810 816 eo
833 792 853 816 a
873 780 937 816 Pa-

197 837 310 874 cuuio
331 834 576 887 conscriptae,
599 836 723 873 Festus
746 843 816 881 ter,
830 835 939 874 Cari-

195 894 266 932 fius
313 892 394 939 bis,
447 893 704 930 testimonium
761 890 937 931 afferunt.

195 947 312 998 Qod
333 950 465 987 attinet
485 947 531 986 ad
544 948 774 987 mensionem
786 948 937 987 versus:

195 1020 267 1055 ego
289 1004 383 1043 nihil
397 1004 587 1044 desidero:
616 1019 684 1043 nec
701 1005 816 1044 video
836 1005 937 1044 caus-

195 1062 285 1109 sam,
307 1077 374 1101 cur
392 1060 570 1100 nonnulli
582 1060 706 1110 legere
719 1061 938 1109 maluerint,

189 1116 357 1174 prvdeffb
376 1133 450 1158 non
467 1121 575 1173 quit:
603 1133 687 1157 cum
715 1118 937 1172 praesertim

197 1177 345 1228 antiqui
367 1173 471 1222 libri,
491 1176 630 1228 quibus
657 1176 814 1228 quiderm
833 1187 937 1224 vtor‚

197 1246 329 1272 omnes
347 1233 422 1271 sine
445 1231 522 1271 vlla
546 1234 728 1272 varietate
758 1234 937 1281 habeant,

195 1291 337 1345 nequit.
395 1291 453 1328 Est
477 1300 604 1329 autem
633 1300 849 1330 tetrameter
881 1304 937 1329 ca-

194 1345 399 1393 meoticas,
423 1359 443 1384 e
464 1346 605 1399 septem
623 1347 796 1400 pedibus,
816 1358 853 1387 et
863 1362 938 1388 vna

195 1402 345 1452 syllaba,
364 1417 460 1455 quae
489 1405 700 1452 trocheum,
725 1415 937 1444 extremum

195 1459 344 1514 pedem,
367 1459 548 1512 sequitur,
578 1461 654 1500 hoc
680 1461 824 1509 modo,
853 1463 939 1520 ,Qui

196 1521 233 1570 ip
255 1539 305 1548 —
335 1516 520 1570 spondeus
538 1517 772 1570 est3stst'l1i,
801 1520 937 1558 tribra-

194 1575 307 1618 chus3
324 1574 495 1626 sapiens,
524 1577 766 1627 anapaestus;
787 1575 937 1628 prodes-

193 1630 382 1684 spondeus
395 1630 454 1681 3sE’
474 1635 616 1687 nequit,
628 1634 844 1685 anapaestus
855 1649 866 1679 3
888 1648 935 1673 m·

193 1687 300 1742 quid·
312 1686 520 1739 spondeus;
531 1689 913 1744 quamstz-trochaeus
926 1706 936 1736 3

188 1746 260 1797 pit,
271 1743 402 1783 vltima
414 1743 564 1793 syllaba,
573 1758 732 1799 propter
741 1761 854 1800 quam
868 1751 935 1786 Ca-

192 1800 384 1841 talefficus
400 1801 540 1841 dicitur
555 1802 695 1844 versus,
714 1804 814 1843 deest
833 1807 936 1844 enim

192 1857 309 1898 altera
331 1856 483 1907 syllaba,
505 1873 601 1912 quae
623 1861 648 1898 fi
665 1860 933 1908 adeffet,o&o-

192 1918 321 1954 narius
350 1913 438 1954 effer
466 1917 637 1966 integer,
667 1928 704 1957 et
731 1918 934 1966 diceretur,

192 1971 472 2012 Acatalefflcus,
559 1975 672 2023 Sunt,
709 1977 775 2027 qui
806 1975 932 2014 distin-

191 2039 329 2080 guant,
363 2027 566 2084 legantque
605 2031 671 2070 fic:
718 2033 802 2088 Qi
835 2032 936 2085 ipsus

999 266 1208 324 quidquam
1221 265 1340 318 saptt.
1399 270 1507 315 Quos
1539 278 1664 317 neque
1682 279 1742 321 re-

998 321 1211 379 prehendo,
1230 335 1356 374 neque
1384 321 1542 376 sequor:
1573 322 1646 360 hoc
1661 331 1742 360 tan·
1777 342 1782 346 ·

1000 393 1080 421 tum
1102 379 1202 427 dico,
1224 393 1285 417 me
1303 378 1476 419 nondum
1504 382 1545 418 in
1571 377 1652 418 vllo
1677 393 1740 418 ve-

998 450 1078 485 tere
1101 436 1218 483 libro,
1242 436 1357 489 ipsus,
1378 446 1450 489 pro
1479 435 1567 486 ipſse,
1598 436 1671 475 hoc
1698 438 1742 474 in

998 494 1085 534 loco
1106 494 1286 546 scriptum
1307 492 1622 534 animaduertiffe.
1679 495 1740 547 Et·

995 554 1071 590 iam
1090 549 1187 589 illud
1207 551 1416 588 confirmo:
1444 549 1585 602 vbiipfi
1596 548 1739 598 legunt,

995 622 1070 648 non
1091 610 1187 663 quit,
1210 608 1250 644 in
1271 607 1364 644 meis
1384 608 1550 658 antiquis
1571 606 1655 653 effe,
1677 621 1740 646 ne·

996 665 1091 717 quit.
1125 667 1171 703 At
1199 662 1367 702 senarius
1395 661 1467 702 effe
1497 676 1575 701 non
1602 665 1737 716 potest,

993 723 1019 760 si
1042 720 1200 771 legatur,
1221 724 1363 776 neqnit.
1392 718 1591 768 Intellig'o:
1613 731 1649 758 et
1659 733 1740 758 nm-

994 780 1150 817 tationis
1174 779 1271 816 hanc
1282 778 1424 830 opinor
1444 775 1554 815 fuifi'e
1567 776 1738 818 cauffam.

994 834 1064 874 Sed
1094 837 1136 874 in
1169 835 1386 885 tragoedia,
1424 844 1490 872 aut
1525 833 1739 882 comoedia,

992 906 1073 930 non
1091 889 1179 930 solis
1197 890 1352 930 senariis
1371 890 1477 929 locus
1499 892 1561 930 est.
1594 891 1738 930 Eodem

991 947 1110 988 modo
1137 947 1204 987 lib.
1221 961 1255 1001 3.
1285 948 1331 987 de
1361 947 1467 987 offic.
1497 959 1602 1000 αῖς.
1642 948 1743 990 dixit.

992 1007 1148 1045 Cicero:
1201 1006 1262 1059 Eg?
1289 1019 1362 1060 quo
1396 1007 1558 1054 Ennia-s,
1586 1004 1740 1062 mquid-

992 1077 1107 1118 quam
1131 1063 1272 1114 strpere
1301 1060 1528 1116 sapientem,
1563 1066 1628 1115 qui
1651 1063 1739 1114 sibi

992 1119 1072 1172 ipfi'
1083 1116 1248 1173 prodesse
1270 1121 1455 1175 nequiret.
1487 1120 1544 1156 Sic
1563 1121 1663 1158 enim
1685 1120 1737 1158 est

992 1178 1034 1216 in
1059 1175 1160 1215 libro
1184 1178 1258 1215 viri
1278 1177 1528 1225 integerrimi,
1559 1188 1596 1215 et
1617 1177 1738 1216 incre-

994 1232 1104 1272 dibili
1127 1233 1290 1286 quadam
1312 1235 1564 1283 ingenuarum
1596 1235 1737 1272 artium

995 1291 1169 1330 dochini!
1190 1290 1336 1338 referti,
1365 1288 1546 1330 Gulielmi
1576 1289 1733 1335 Sirletti,

993 1362 1086 1394 non,
1104 1361 1179 1386 non
1198 1350 1336 1403 quiret,
1355 1357 1396 1387 vt
1415 1349 1480 1400 ipfi
1510 1347 1639 1386 dicunt
1661 1347 1734 1386 este

992 1406 1031 1443 in
1056 1402 1130 1442 suis
1149 1403 1439 1457 exemplaribus.
1494 1404 1610 1453 ond
1631 1406 1656 1443 fi
1680 1407 1733 1444 ita

995 1460 1083 1501 effet
1105 1463 1147 1500 in
1177 1463 1371 1508 omnibus,
1400 1475 1479 1500 non
1512 1473 1637 1501 tamen
1668 1461 1733 1500 ad·

992 1517 1150 1558 modum
1197 1530 1398 1563 mouerer3
1437 1532 1505 1556 nec
1543 1529 1732 1572 putarem,

991 1575 1101 1615 fraer-i
1115 1587 1151 1614 et
1173 1574 1339 1616 dissoluti
1361 1574 1487 1620 versus
1501 1579 1732 1622 testimonio,

991 1634 1241 1672 mutationem
1259 1634 1299 1671 in
1321 1632 1430 1672 versu
1444 1635 1594 1682 integro
1619 1634 1731 1673 bene-

992 1705 1067 1743 que
1099 1691 1322 1738 constituto,
1357 1689 1478 1744 qualis
1511 1692 1562 1730 est
1589 1693 1632 1729 in
1660 1691 1730 1730 hac

992 1746 1158 1802 epistola,
1175 1746 1385 1786 faciendam
1407 1746 1489 1799 esse⁸⁴
1547 1748 1663 1796 Qod
1683 1747 1730 1787 ad

992 1804 1215 1843 sententiam
1232 1806 1376 1852 attinet,
1389 1805 1542 1843 similem
1562 1806 1730 1851 animad-

991 1864 1176 1901 vertimus
1225 1861 1327 1914 apud
1365 1860 1582 1909 Isocratem,
1620 1868 1654 1900 ἐν
1680 1859 1730 1911 τῇ

991 1927 1075 1966 πρὸς
1105 1915 1303 1965 Νικοκλὲκ,
1332 1928 1410 1966 περὶ
1449 1924 1496 1958 τέ
1525 1927 1728 1965 βκσιλεύειν·

990 1974 1040 2015 ‘O
1080 1980 1182 2022 μηδὲν
1212 1973 1255 2014 ὢν
1282 1974 1374 2023 αὖτιῖἷ
1400 1974 1578 2026 χρίσιμες,
1603 1978 1654 2018 εἶδ’
1683 1976 1726 2019 ἓν

993 2031 1094 2071 ἄλλον
1133 2039 1289 2080 φρόνιμον
1319 2032 1497 2078 vomicam.

627 2143 1123 2188 EPISTOLAE
1188 2149 1288 2190 VII.

555 2233 1375 2287 ARGVMENTVM.

321 2328 499 2371 Studium
514 2330 694 2381 suumin
714 2334 1010 2376 commendando
1042 2337 1226 2378 Trebatio
1241 2337 1465 2396 stgmficat:
1504 2351 1647 2387 monet,
1679 2351 1724 2381 vt

186 2385 371 2437 uffidumn
399 2386 549 2438 Caesari
567 2401 718 2442 operam
743 2403 884 2440 nauet,
910 2392 960 2434 ab
987 2396 1069 2435 eius
1105 2393 1344 2444 liheralitate
1370 2396 1555 2449 cistam&
1579 2397 1719 2438 omnia.

186 2443 324 2484 Eodem
360 2457 471 2483 anno.
668 2462 673 2466 ·

657 2529 1245 2577 EXPLANATIO.

179 2618 236 2695 [a
256 2615 485 2669 Britannia]
508 2619 614 2658 Putat
631 2619 671 2657 in
685 2620 918 2661 Britanniam
974 2625 1076 2676 epist.
1092 2629 1129 2671 8.
1168 2641 1246 2665 non
1274 2625 1381 2665 iuiss'e
1410 2636 1550 2675 tamen,
1579 2640 1717 2676 cogno-
1756 2618 1760 2621 i
1811 2635 1821 2672 ἱ·

1618 2606 1637 2624 ὓ

234 2672 344 2711 iuiss'e
362 2674 610 2722 Trebatium,
632 2687 697 2714 aut
719 2688 818 2716 certe
836 2683 918 2717 bre·
973 2679 1087 2719 scitur
1117 2698 1161 2723 ex
1190 2687 1294 2740 epist.
1319 2694 1382 2725 10.
1431 2694 1468 2723 et
1493 2697 1554 2737 14.
1594 2697 1630 2723 et
1651 2685 1716 2726 16-

178 2731 216 2767 vi
247 2728 318 2768 effe
349 2731 506 2770 iturum.

590 2731 698 2772 Idem
733 2735 916 2775 existimat
972 2746 1010 2776 et
1038 2748 1101 2791 17.

1594 2828 1720 2872 Nihil
