1863 3172
214 137 296 189 308

279 246 408 287 onre
427 242 516 295 tua]
539 240 749 289 Qomodo
760 255 858 281 vxor
877 241 959 281 fue-

215 304 269 345 rit
298 300 456 347 Celeris,
490 313 576 337 cum
612 300 701 341 eius,
731 298 888 338 fratrem
919 301 957 338 P.

214 359 410 404 Clodium,
433 354 591 394 fratrem
616 354 825 409 patruelem
852 354 958 395 Cele-

214 419 268 458 ris
287 416 459 454 nominet
473 413 609 451 Cicero
630 415 671 451 in
690 414 866 452 oratione
885 427 958 467 pro

213 470 378 514 Coelio?
400 483 448 508 an
468 469 598 509 eadem
619 480 657 508 et
675 467 785 509 soror
806 479 844 508 et
869 484 959 509 con-

212 532 302 571 iux?
338 529 384 568 fic
420 526 581 581 opinor:
630 535 673 565 vt
721 525 878 566 Clodius
917 536 955 566 et

213 585 347 627 Clodia
369 583 440 624 filii
465 583 610 624 suerint
632 583 831 630 (actiliae,
850 582 954 623 soro-

208 647 263 685 ris
292 644 373 682 eius
402 639 583 688 Metelli,
616 642 683 694 qui
712 639 887 680 Celerem
918 649 956 680 et

208 703 406 754 Nepotem
424 700 567 748 genuit.

269 785 405 841 Vestra
421 783 557 834 sorore
585 780 743 831 Mucia]
825 785 956 821 onre

208 847 279 884 Cn.
299 834 550 895 Pompeium
585 853 630 878 ex
662 838 843 886 Pediano,
868 836 955 877 Plu-

208 901 369 944 tarcho,
412 898 561 943 Dione,
586 894 653 934 lib.
686 906 719 934 1.
762 894 811 934 ad
840 896 951 934 Attic.

207 959 390 1012 epist.12.
418 952 574 1006 planum
596 953 649 990 fit.
677 950 797 991 '‘soror
824 962 951 991 autem

204 1015 280 1055 fuit
312 1024 476 1051 auorum
505 1007 775 1057 Metellorum,
805 1006 950 1047 Celeris

205 1084 243 1111 et
261 1069 441 1123 Nepotis,
469 1064 531 1105 vel
570 1064 675 1118 quod
705 1067 786 1104 eius
815 1074 950 1113 mater,

202 1128 320 1184 patris
352 1124 462 1162 soror
481 1122 592 1166 efl'et3
617 1120 681 1161 vel
716 1121 822 1174 quod
845 1120 951 1161 Cele-

202 1187 254 1225 ris
277 1193 313 1222 et
330 1178 477 1221 Metelli
511 1188 652 1225 mater,
680 1179 831 1218 Muciae
861 1173 950 1228 ge'n-

201 1244 263 1288 tis,
286 1239 322 1278 id
346 1239 409 1284 est,
429 1235 539 1274 soror
569 1234 658 1274 esset
686 1237 802 1289 patris
834 1237 947 1275 huius

200 1298 363 1340 Muciae.
410 1295 467 1332 Sic
489 1294 589 1332 enim
610 1291 775 1331 feminae
796 1291 946 1331 sorores

199 1355 391 1399 dicuntur,
414 1349 501 1389 licet
522 1363 723 1399 germanae
757 1363 835 1387 non
863 1351 946 1397 fint,

199 1423 244 1451 vt
263 1423 384 1449 mares
405 1407 512 1460 saepe
535 1406 670 1445 fratres
692 1404 944 1459 appellantur,

201 1483 285 1507 cum
308 1468 376 1505 sint
398 1462 603 1517 patrueleS‚
617 1473 688 1501 aut
709 1462 942 1502 consobrini.

199 1526 327 1564 Potuit
350 1524 464 1560 etiam
484 1520 594 1559 soror
615 1519 688 1559 effe
706 1521 854 1560 vterina
875 1522 942 1559 Ce-

197 1580 289 1621 leris
311 1588 347 1619 et
367 1579 543 1631 Nepotis,
561 1577 633 1615 hoc
656 1576 785 1624 modo,
814 1588 856 1616 vt
880 1591 943 1616 eo-

197 1653 283 1678 rum
301 1646 433 1681 mater,
461 1637 548 1673 viro
582 1644 752 1681 mortuo,
787 1637 842 1682 Q
861 1636 945 1673 Me-

198 1694 292 1735 tello
320 1696 486 1745 Nepote,
518 1689 688 1744 nupserit
719 1693 942 1739 QScatuo-

196 1751 269 1800 lae,
300 1764 344 1789 cx
375 1763 452 1802 quo
482 1749 609 1801 postea
649 1750 816 1786 Muciam
844 1748 942 1786 hanc

197 1809 359 1864 peperit.
386 1819 468 1844 eam
491 1815 527 1843 et
555 1807 630 1843 Dio
659 1802 726 1843 lib.
742 1811 806 1856 87.
835 1804 941 1844 soro-

198 1880 279 1906 rem
318 1872 431 1902 vocat
468 1859 615 1900 Metelli
655 1860 812 1900 Celeris.
854 1876 939 1900 cum

194 1923 266 1963 hac
287 1922 425 1974 postea,
446 1921 647 1972 stupratam
668 1932 688 1955 a
714 1919 757 1957 C.
780 1917 939 1957 Caesare

196 1978 414 2032 suspicatus,
446 1977 528 2028 post
555 1975 652 2014 duos
681 1973 868 2028 susceptos
896 1977 936 2014 fi-

196 2035 285 2083 lios,
328 2034 538 2079 diuortium
585 2033 786 2084 Pompeius
834 2030 936 2070 fecit.

196 2090 264 2131 lib.
284 2104 313 2132 1.
333 2089 380 2128 ad
402 2091 510 2129 Attic.
533 2090 635 2141 epist.
653 2099 713 2130 12.
741 2087 939 2136 Pedianus,

196 2150 399 2187 Suetonius
433 2147 474 2185 in
505 2145 606 2185 Iulio
635 2159 664 2183 c.
687 2156 751 2196 50.
798 2144 940 2185 Plutar-

197 2206 302 2252 chus,
334 2205 422 2243 Dio.

253 2287 525 2340 Deterret-ent]
559 2287 829 2331 Remouerent,
857 2295 937 2324 non

198 2345 310 2385 minis
339 2355 404 2383 aut
429 2345 571 2382 inieffto
595 2351 712 2388 metu,
742 2339 803 2379 sed
823 2341 939 2380 ratio-

199 2403 312 2441 nibus
334 2411 369 2439 et
391 2401 578 2454 precibus.
614 2396 807 2437 interdum
835 2398 937 2436 enim

195 2458 391 2499 deterrere
413 2467 449 2495 et
471 2455 689 2502 cohortari,
721 2464 761 2494 vt
793 2463 938 2493 contra·

198 2515 256 2555 ria
294 2522 551 2567 opponuntur.
590 2511 655 2550 lib.
682 2523 715 2551 1.
753 2509 799 2549 de
829 2513 935 2549 Orat.

199 2586 229 2611 c.
251 2575 314 2614 6¹.
368 2568 471 2608 Illud
491 2568 576 2619 fuit
606 2566 809 2614 horribile,
836 2566 941 2622 quod

196 2626 406 2667 mehercule
424 2639 568 2669 vereor,
588 2639 633 2662 ne
652 2625 833 2663 maiorem
856 2625 936 2663 vim.

197 2683 254 2724 acl
269 2682 538 2722 deterrentium
549 2680 740 2727 hahuerit,
760 2694 872 2734 qnam
884 2678 942 2719 ad

195 2736 485 2782 cohortandum.
549 2735 727 2789 Exempla
765 2749 845 2774 non
874 2735 936 2774 de-

193 2796 291 2836 sum.

441 130 666 171 vivut
690 99 986 170 MANv‘rn
1011 116 1527 173 eoMMENTAmvs

1073 241 1196 298 Quod
1211 253 1248 283 te
1268 241 1406 298 audtffi
1429 256 1534 286 certo
1549 243 1633 294 scio
1644 253 1758 284 ERN.

1016 296 1146 350 credo]
1177 300 1280 338 Patet
1300 298 1504 340 sententia:
1533 315 1601 340 nec
1625 300 1759 340 discre-

1014 364 1107 408 pant
1125 357 1201 394 mei
1229 364 1373 396 veteres
1405 356 1518 406 libri,
1548 359 1687 410 quibus
1715 359 1757 396 in

1016 413 1192 451 omnibus
1216 411 1328 466 plane
1347 412 1498 463 legitur,
1528 414 1651 454 credo.
1709 417 1758 453 At

1016 469 1057 506 in
1091 482 1169 507 vno
1205 470 1380 509 Mediceo
1416 469 1518 510 libro
1553 473 1604 509 est
1641 470 1756 518 certo,

1010 539 1090 564 non
1118 529 1241 566 credo.
1282 540 1326 565 ex
1366 539 1444 579 quo
1477 526 1560 566 aliis
1587 537 1670 566 orta
1702 527 1755 566 *de

1009 582 1151 621 mendo
1180 584 1409 622 coniedmra.
1437 584 1533 622 mihi
1554 583 1756 623 verisimile

1009 652 1091 678 non
1109 641 1164 685 fit,
1184 638 1352 692 reliquos
1390 654 1522 679 omnes
1552 641 1672 679 libros
1688 642 1750 687 ab

1010 708 1090 735 vno
1123 694 1194 745 illo
1228 696 1299 735 cfl'e
1333 696 1560 749 descriptos:
1603 711 1684 737 cum
1716 710 1753 740 et

1009 753 1058 792 ab
1089 751 1159 792 illo
1189 763 1226 792 et
1260 753 1367 807 saepe
1402 755 1503 793 inter
1546 753 1582 792 se
1619 755 1753 795 diffen-

1010 811 1214 848 tiantf‘nec
1239 824 1334 849 vero
1361 812 1501 849 librum
1522 810 1641 850 vllum
1671 823 1749 852 tam
1776 851 1782 856 ,

1008 867 1211 917 antiquum
1236 866 1308 907 effe
1327 867 1516 914 arbitror,
1551 869 1619 921 qui
1644 872 1752 909 omni

1008 921 1162 976 prorsus
1185 933 1293 962 vacet
1318 925 1477 962 mendo:
1507 928 1649 978 quippe
1665 941 1749 965 cum

1007 993 1056 1018 ne
1083 977 1148 1017 illa
1177 979 1580 1031 quidcrngintcz·tlun1,'
1599 996 1696 1034 quae
1728 998 1749 1022 a

1007 1036 1120 1074 nobis
1132 1038 1293 1085 cogitata
1306 1038 1373 1089 ipsi
1393 1039 1516 1076 nostra
1531 1053 1643 1078 manu
1665 1040 1750 1078 firi-

1005 1093 1153 1143 bimus,
1182 1093 1379 1133 emendata
1407 1094 1490 1132 satis
1520 1095 1592 1134 ess'e
1620 1097 1747 1135 videa-

1003 1163 1100 1189 mus.

1059 1207 1107 1245 112
1130 1206 1260 1261 aliquo
1278 1206 1524 1261 magzstratzae]
1553 1210 1616 1247 Ne
1637 1210 1748 1248 mini-

1003 1276 1069 1301 nto
1099 1262 1266 1315 quidem.
1310 1263 1356 1302 fic
1385 1265 1547 1309 inlr-eis
1580 1268 1746 1316 antiquis

1003 1317 1123 1359 libris.
1157 1334 1226 1358 nec
1255 1318 1339 1358 sane
1373 1321 1510 1368 video,
1541 1335 1608 1361 eur
1639 1324 1746 1375 quid·
1778 1366 1782 1367 ⁷

1002 1390 1116 1429 quam
1139 1387 1318 1416 mutetur.
1358 1388 1422 1416 aut
1454 1379 1478 1416 fi
1511 1380 1746 1426 mutandxm,

1001 1432 1178 1486 placeret,
1210 1434 1366 1472 minimo
1405 1435 1654 1490 vmgjstratu:
1703 1444 1745 1477 xt

999 1489 1148 1539 legebat
1197 1488 1419 1537 2Vbaldinus
1479 1491 1744 1533 Eandinellus:

1000 1561 1084 1586 cum
1106 1548 1148 1585 sit
1167 1548 1208 1585 in
1224 1546 1399 1585 Mediceo
1421 1545 1536 1596 libro,
1559 1551 1600 1588 in
1615 1553 1743 1590 maimo

998 1604 1241 1659 magfflratu.
1269 1606 1314 1642 fic
1340 1616 1630 1656 opponerentur
1660 1622 1742 1646 con-

986 1661 1061 1711 sul
1083 1669 1119 1698 et
1138 1660 1579 1717 minimoynnggstratu„
1620 1712 1621 1719 ἵ

1057 1715 1193 1756 Pridie
1213 1716 1304 1757 Kal.
1327 1719 1428 1767 lam]
1487 1716 1631 1759 Vltir'no
1653 1734 1740 1760 con·

997 1771 1136 1811 sulatus
1159 1773 1233 1811 die.
1702 1823 1705 1825 -

1053 1830 1247 1869 Coneiom's
1279 1828 1490 1881 habendae]
1550 1833 1608 1870 De
1627 1833 1741 1872 rebus

995 1888 1037 1925 in
1058 1884 1254 1925 consulatu
1281 1887 1394 1926 affls:
1432 1898 1475 1927 vt
1503 1901 1611 1927 more
1641 1903 1742 1929 com-

995 1953 1167 1997 paratum
1193 1951 1285 1983 erat.

1049 2000 1255 2052 Priuauit]
1321 2001 1396 2038 Pro
1416 2002 1597 2053 potestate
1621 2004 1740 2042 tribu·

995 2057 1106 2096 nicia.

1055 2114 1109 2153 Vt
1127 2110 1325 2167 iurarem]
1389 2112 1597 2160 Consules,
1636 2128 1737 2153 ccm-

994 2170 1215 2209 memoratis
1241 2170 1356 2208 rebus
1382 2171 1422 2208 in
1453 2169 1646 2209 consulatu
1677 2185 1737 2220 ge-

995 2228 1077 2273 stis,
1106 2228 1233 2265 iurare
1271 2224 1373 2265 soliti
1407 2226 1503 2273 sunt,
1536 2229 1662 2266 omnia
1699 2227 1736 2268 se

993 2281 1146 2323 confilia
1166 2292 1279 2336 atque
1298 2282 1396 2322 fabia
1426 2282 1471 2321 ad
1501 2283 1736 2337 reipublicae

994 2339 1216 2389 dignitatem
1244 2338 1575 2392 commodumque·
1590 2340 1734 2380 retulis-

993 2397 1042 2442 se,
1064 2397 1168 2450 quod
1189 2397 1366 2435 Ciceroni
1392 2395 1568 2435 Metellus
1597 2399 1738 2451 permi-

991 2454 1054 2493 fit:
1094 2451 1242 2506 reliqua
1274 2465 1573 2493 commemorare
1600 2458 1734 2494 vetuit.

1054 2510 1147 2550 Veri
1176 2509 1292 2549 smum

991 2565 1276 2618 iusiurandmn]
1333 2568 1430 2612 Hoc,
1449 2566 1735 2619 nrempublicam

993 2637 1014 2661 a
1034 2621 1070 2661 se
1091 2637 1170 2662 vno
1195 2621 1464 2661 conserti-atam.
1510 2623 1556 2661 de
1587 2637 1665 2676 quo
1687 2626 1734 2663 fic
1776 2664 1779 2671 ,

990 2684 1030 2718 in
1049 2678 1147 2718 orat.
1169 2692 1241 2731 pro
1261 2678 1379 2717 domo
1401 2694 1429 2717 c.
1446 2690 1511 2729 35.
1561 2680 1639 2732 Ego
1661 2683 1734 2720 rei-

984 2735 1160 2787 publicae
1188 2734 1341 2788 sbmper
1360 2733 1545 2788 interesse
1577 2740 1730 2788 putaui,

990 2803 1047 2831 me
1075 2791 1183 2833 illius
1199 2791 1449 2845 pulcherrimi
1474 2790 1599 2844 faHi,
1628 2792 1734 2848 quod

1677 2863 1727 2889 cx

1170 2908 1174 2929 l

1362 2509 1734 2563 pulcherrimumque
1762 2510 1765 2515 “
