1863 3172
234 87 301 146 1121
328 103 445 145 me.
473 106 662 147 emsr.
691 107 826 148 ΒΑΜ.
864 108 980 150 un.
1011 109 1474 157 V111.EP18T.V111.

1549 119 1634 172 569

90 215 226 254 Liuius
249 213 317 256 lib.
331 227 396 269 34.
418 220 526 268 056.
569 218 662 258 Cum
680 221 837 267 milites,
897 233 965 258 cur
982 223 1172 273 praetoria
1193 238 1294 263 nunc
1314 227 1391 273 fiat,
1419 241 1515 280 quae
1543 242 1633 268 con·

90 274 156 328 qui
187 273 227 312 in
261 273 474 328 legionibus
516 274 676 316 urbanis
714 287 836 323 erant,

84 329 311 384 frequentes
329 329 502 370 tribunos
516 331 639 383 plebis
660 330 834 385 adissent,

90 387 152 424 vti
160 382 305 437 catffzs
321 387 583 439 cognrgfcerenr
599 402 742 436 eorum,
753 391 833 442 qui-

89 439 159 479 bus
180 451 250 480 aut
261 443 630 496 emeritastipendia‚
640 457 710 484 am
729 458 832 484 mor·

86 494 155 536 bus
175 495 318 552 caqffite
342 496 466 553 effint,
487 514 557 557 quo
583 503 709 542 minus
728 502 831 542 mili-

85 563 226 594 tarent.

145 638 274 693 Hunc]
305 642 383 691 Qni
402 641 493 681 haec
519 641 662 681 censuit
690 656 733 681 ac
763 642 827 683 de-

85 706 218 735 creuit.

142 768 258 808 Ratio
277 767 486 822 habeatur]
531 772 635 812 Cura
657 769 828 826 suscipia-

84 832 159 864 tur.

138 897 187 937 In
207 896 401 948 Ciliciam]
456 898 493 936 Si
512 897 676 936 habetur
691 911 825 937 eorum

83 956 196 999 ratio,
217 955 284 1006 qui
306 956 523 1007 prouincias
553 954 744 1001 obtinent,
764 956 826 994 Ci-

81 1009 168 1050 licia
192 1009 397 1050 consularis
419 1013 578 1059 est,cum
598 1024 619 1049 a
633 1013 719 1050 viro
736 1025 824 1052 con-

80 1067 195 1108 sulari
208 1069 395 1108 Cicerone
404 1068 687 1107 administretur
701 1084 708 1106 :
720 1067 824 1108 ideo-

79 1139 156 1180 que
183 1140 262 1165 non
283 1128 321 1164 in
352 1126 424 1165 hoc
457 1124 604 1164 senatus
638 1123 824 1174 consulto,

80 1184 143 1224 sed
161 1185 201 1222 in
223 1197 282 1229 eo,
309 1184 412 1235 quod
435 1181 480 1221 de
501 1183 711 1237 prouinciis
733 1196 821 1220 con-

78 1239 265 1281 sularibus
283 1238 422 1280 fac‘hnn
451 1241 514 1286 est,
544 1239 738 1277 nominari
759 1237 821 1277 de·

76 1299 174 1339 buit.
203 1311 351 1343 verum,
390 1298 480 1350 qnia
527 1297 570 1334 fit
605 1297 820 1348 praetoria,

79 1370 166 1395 cum
191 1354 367 1393 decernat
397 1353 560 1398 senatus,
594 1362 637 1391 vt
669 1354 710 1390 in
737 1366 820 1392 eam

76 1411 348 1467 proficiscatur,
368 1412 435 1464 qui
457 1418 624 1465 praetor,
646 1422 724 1448 non
753 1411 821 1462 qui

77 1467 209 1509 consul
227 1468 364 1510 fuerit3
393 1477 595 1522 propterea
612 1468 653 1505 in
675 1466 747 1504 hoc
768 1465 821 1504 se-

76 1538 189 1566 natus
232 1523 404 1565 consulto
451 1523 611 1570 reiefta,
651 1521 698 1561 ad
733 1521 820 1562 reli-

77 1597 170 1637 quas
185 1583 418 1636 prouincias,
436 1594 528 1634 quas
548 1581 733 1632 praetorii
753 1580 820 1619 ob·

75 1640 263 1687 tinebant,
277 1638 512 1689 aggregatur.
530 1646 611 1675 erat
632 1637 734 1675 enim
751 1649 818 1689 po-

75 1699 185 1739 testas
207 1696 364 1741 senatui,
388 1708 486 1748 quos
513 1692 643 1739 vellet,
669 1694 710 1731 in
730 1707 818 1746 pro—

73 1757 218 1795 vincias
257 1753 454 1798 mittendi,
485 1752 560 1790 fiue
590 1748 817 1797 consulares,

74 1812 150 1852 fine
169 1812 402 1865 praetorios:
444 1818 495 1856 et,
527 1810 568 1847 in
598 1821 690 1860 quas
713 1820 819 1860 prae·

73 1870 166 1910 torii
204 1868 466 1914 mittebantur,
496 1865 733 1918 praetoriae,
778 1864 819 1902 in

74 1939 168 1981 qius
201 1923 397 1964 consulatu
426 1922 571 1970 fimffi,
600 1918 817 1960 consulares

71 1984 297 2038 prouinciae
319 1980 564 2020 vocabantur.
604 1978 643 2016 id
671 1991 716 2016 ex
744 1977 817 2015 hoe

71 2040 154 2094 ipso
185 2041 350 2093 primum
395 2034 634 2086 cognoscitur
669 2032 816 2072 senatus

74 2096 270 2143 consulto,
310 2108 389 2147 quo
446 2093 686 2147 praetorius,
735 2104 815 2128 non

73 2153 279 2195 consularis
300 2149 540 2195 inCiliciam,
562 2149 622 2186 cui
641 2158 817 2201 praeerat

71 2213 145 2252 hoc
164 2225 266 2250 anno
292 2211 428 2248 Cicero
457 2203 678 2249 consularis,
702 2205 815 2243 mitti-

71 2280 156 2310 tur:
189 2265 325 2307 deinde
364 2265 612 2303 confirmatur
639 2270 737 2300 orat.
768 2260 814 2299 de

71 2326 282 2380 prouinciis
313 2338 344 2361 c.
360 2333 401 2375 7.
428 2321 555 2374 potuit
585 2329 713 2357 tamen
749 2319 814 2356 tri-

69 2385 196 2424 bunus
218 2379 338 2435 plebis
369 2378 464 2417 hanc
491 2376 712 2430 potestatem
742 2375 814 2412 eri-

71 2454 162 2495 pere
181 2439 335 2483 senatui,
349 2446 385 2474 et
403 2432 637 2473 consularem
657 2432 813 2484 prouin-

71 2499 166 2536 ciam
182 2495 255 2534 lata
278 2494 479 2543 rogatione
499 2491 546 2529 ab
557 2489 713 2527 homine
724 2501 814 2525 con-

69 2552 185 2594 sulari
224 2552 270 2591 ad
320 2549 556 2604 praetorium
595 2542 812 2584 transferre.

70 2610 175 2664 quod
205 2609 339 2649 obiicit
366 2604 508 2646 Clodio
537 2599 720 2647 Tullius,
759 2598 812 2638 fa-

69 2669 250 2719 &umque
291 2674 392 2703 extra
434 2659 609 2700 ordinem
638 2657 814 2712 queritur

70 2727 111 2766 in
131 2735 228 2763 orat.
248 2736 320 2776 pro
343 2720 460 2759 domo
484 2731 515 2756 c.
527 2728 566 2768 9.
579 2714 650 2753 Sed
668 2723 710 2752 vt
727 2712 812 2778 recl-

17 2776 22 2781 ⁴
70 2795 154 2822 eam
182 2780 230 2820 ad
271 2776 460 2824 Ciliciam,
489 2772 671 2824 cogitanti
701 2769 812 2818 mihi,

893 274 1025 315 sularis
1055 291 1164 318 antea
1204 280 1350 329 fuerat,
1376 282 1632 327 administrata

892 345 962 384 per
983 349 1102 374 annos
1123 336 1271 389 aliquot
1303 353 1323 376 a
1358 342 1478 380 tribus
1501 342 1634 382 consu-

890 386 1046 438 laribus,
1071 391 1249 439 Lentule,
1276 397 1414 447 Appio,
1431 399 1630 448 Cicerone,

888 444 1010 484 visum
1033 450 1083 487 est
1109 449 1182 488 hoc
1202 464 1223 489 a
1245 451 1481 507 Pompeiani·
1505 457 1629 496 astuto

889 501 1043 547 consilio
1080 503 1242 553 saelum,
1282 519 1323 546 vt
1372 509 1629 553 consularium

886 561 1174 611 prouinciarum
1213 578 1406 612 numerus,
1456 574 1530 607 vn'a
1565 583 1628 608 ex·

884 625 1030 668 empta,
1080 619 1187 658 tieret
1232 622 1446 668 angustior;
1501 638 1643 679 eoque.

884 674 1026 712 certior
1047 672 1127 727 spes
1152 675 1240 715 effet
1268 678 1458 718 adimendi
1485 680 1632 721 Gallia·

882 728 1053 768 Caesari:
1091 745 1176 772 cum
1202 731 1295 772 duas
1321 745 1465 775 tantum
1496 738 1629 779 consu·

882 782 978 824 lares
1015 789 1234 840 prouincias
1279 789 1361 840 lege
1402 794 1625 848 Sempronia

884 840 1037 882 decerni
1085 857 1155 898 per
1205 845 1375 887 senatum
1415 861 1625 903 oporteret.

882 899 988 952 quod
1011 902 1204 941 orationes
1239 916 1311 956 pro
1330 904 1446 944 domo
1476 919 1502 946 e.
1517 920 1556 960 9.
1586 919 1625 950 et

883 956 930 994 de
947 958 1156 1009 prouinciis
1183 971 1262 1012 c.7.
1284 971 1322 1000 et
1341 962 1477 1002 Caesar
1495 963 1561 1004 lib.
1588 976 1623 1006 ῐ.

881 1011 928 1051 de
944 1011 1031 1052 bell.
1053 1015 1125 1053 cin.
1148 1028 1177 1053 c.
1190 1017 1228 1058 6.
1249 1015 1382 1057 docet:
1408 1019 1624 1061 consulare·

879 1080 1020 1117 autem,
1052 1069 1091 1108 id
1120 1072 1171 1110 est
1205 1085 1226 1111 a
1260 1073 1518 1116 consularibus
1546 1079 1624 1118 hoc

879 1139 983 1165 anno
994 1124 1286 1177 administratae,
1296 1143 1480 1183 quattuor
1491 1134 1625 1184 effent,

879 1181 1096 1236 Hispaniae,
1126 1183 1272 1234 Cilicia,
1303 1187 1462 1237 Galliac,
1495 1191 1622 1235 syrias

877 1240 985 1291 (nam
1011 1239 1247 1290 Macedonia,
1285 1256 1306 1281 a
1337 1258 1416 1296 quo
1448 1256 1624 1302 tempore

876 1297 919 1337 L.
948 1295 1075 1336 Pisoni
1106 1297 1294 1339 consulari
1331 1303 1384 1350 Q
1410 1304 1624 1345 antharius

877 1355 1093 1406 praetorius
1115 1353 1288 1404 snccessit‚
1310 1362 1500 1411 praetoria
1522 1360 1621 1414 fuit)

877 1423 949 1448 nec
982 1411 1023 1448 in
1048 1409 1246 1464 Hispanias
1286 1416 1386 1453 mitti
1416 1418 1619 1470 quisquam

878 1464 1012 1519 posset,
1030 1480 1115 1505 eum
1137 1481 1197 1506 eas
1215 1467 1518 1517 legeTrebonia
1530 1488 1620 1514 con-

877 1520 933 1561 sul
954 1524 1092 1562 iterum
1116 1526 1316 1578 Pompeius
1347 1528 1387 1567 in
1405 1531 1620 1584 quinquen-

877 1580 998 1627 nium,
1022 1581 1224 1633 posteaque
1245 1584 1398 1623 tertium
1419 1586 1546 1626 consul
1564 1586 1620 1628 al-

875 1645 957 1675 tera
975 1634 1056 1685 lege
1071 1638 1110 1675 in
1124 1636 1283 1677 alterum
1296 1641 1622 1695 quinquennium,

877 1702 919 1732 vt
946 1694 999 1732 ait
1017 1695 1106 1740 Dio,
1136 1693 1211 1742 vel,
1240 1706 1282 1735 vt
1311 1695 1543 1748 Plutarchus,
1573 1703 1618 1743 in

877 1749 1172 1802 quadriennium
1199 1752 1403 1805 accepisset.
1444 1755 1617 1810 reliquae

874 1817 950 1845 tres
975 1817 1105 1846 erant:
1143 1822 1163 1846 e
1190 1809 1329 1861 quibus
1360 1810 1452 1850 duas
1470 1822 1620 1857 tantuin

875 1862 1027 1902 decerni
1064 1866 1238 1916 oportuit
1267 1863 1348 1915 lege
1379 1869 1616 1923 Sempronia.

873 1921 1032 1958 inuenta
1056 1922 1155 1959 ratio
1176 1923 1239 1968 est,
1260 1932 1302 1960 vt
1331 1937 1375 1961 ex
1398 1926 1520 1965 tribus
1538 1942 1618 1970 vna

874 1975 1095 2021 tolleretur3
1122 1980 1431 2033 praetoriamque
1465 1982 1618 2025 senatus

872 2031 1047 2072 Ciliciam
1065 2032 1187 2072 facere
1209 2045 1363 2074 conatus
1398 2039 1460 2077 est.
1544 2040 1616 2083 Sed

871 2090 1018 2128 tribuni
1038 2088 1174 2143 plebis,
1197 2093 1514 2144 Pompeianorum
1533 2108 1616 2139 arte

871 2148 1035 2195 cognita,
1062 2145 1359 2187 intercess‘enmt.
1415 2153 1497 2191 Post
1523 2153 1617 2195 alte-

869 2217 956 2242 rum
977 2213 1101 2242 tamen
1121 2205 1451 2250 annum,Lentulo
1464 2219 1500 2249 et
1511 2212 1614 2252 Mar-

870 2257 966 2298 cello
987 2258 1074 2298 coss.
1091 2259 1164 2298 hoc
1181 2261 1350 2300 arbitror
1366 2261 1513 2304 senatus
1527 2281 1616 2308 con·

869 2314 1031 2363 sultum,
1061 2314 1182 2368 spreta
1211 2317 1455 2360 tribunorum
1491 2320 1615 2376 plebis

868 2371 1144 2420 intercessione,
1160 2385 1405 2424 renouatum,
1425 2376 1613 2421 Ciliciam·

869 2442 945 2482 que
967 2431 1200 2483 praetoriam
1231 2429 1302 2470 esse
1335 2431 1491 2474 sanam:
1527 2452 1614 2480 cum

867 2485 970 2538 apud
994 2484 1193 2525 Caesarem
1218 2485 1285 2527 lib.
1302 2499 1333 2527 ί.
1355 2489 1402 2529 de
1428 2492 1519 2533 bell.
1538 2496 1613 2537 eiu.

869 2555 898 2581 e.
921 2545 959 2584 6.
1000 2544 1237 2582 mentionem
1275 2545 1358 2585 fieri
1385 2546 1536 2589 videam
1565 2551 1613 2592 de

867 2599 1078 2652 prouinciis
1134 2597 1281 2639 duabus
1328 2603 1613 2658 consularibus,

871 2652 1006 2700 Gallia,
1035 2665 1072 2693 et
1101 2656 1215 2700 Syria.
1247 2657 1287 2694 in
1317 2657 1455 2699 sortem
1486 2667 1612 2705 conie-

869 2713 951 2757 ἃίς,
972 2724 1132 2764 quarum
1154 2710 1276 2751 Gallia
1299 2717 1335 2753 L.
1352 2718 1534 2769 Domitio,
1549 2722 1611 2768 Sy.

867 2769 924 2808 ria
957 2769 1126 2821 Scipioni
1163 2770 1335 2837 nguenit.
1378 2786 1610 2829 quamquam

923 2826 1000 2864 Nn
1031 2834 1054 2876 5
1567 2835 1607 2875 in
