1863 3172
347 132 417 175 ΙΝ
443 133 556 175 CIC.
584 130 776 174 EPIST.
804 125 1191 174 FAMLL13.v1r.
1220 132 1411 174 EPIST.
1438 137 1472 178 1.

137 246 296 302 regione
315 246 665 300 Ca-paniae‚quae
685 248 734 287 est
745 245 874 294 Oscos,

137 306 264 348 vocati
278 303 372 352 sunt,
382 314 423 343 vt
441 304 567 355 inquit
578 305 713 343 Festus.
736 302 874 351 OsQun

137 362 326 404 ludicrum
359 359 562 400 leuissimae
587 360 689 414 apud
716 359 874 410 vulgum

137 418 399 460 delectationis
429 415 594 471 appellat
623 419 784 458 Tacitus
809 415 874 457 lib.

137 473 330 530 4‘Annal.
361 485 466 526 c.14.

125 578 133 593 ,¹
192 545 286 585 Cum
310 545 421 598 Osi-os
449 542 559 585 ludos
582 546 648 587 vel
675 519 717 586 in
733 544 877 596 finam

135 602 446 659 nastrospefi‘are
471 601 607 656 poffis]
665 604 772 642 Duae
792 600 878 641 sunt

136 658 293 706 caussae,
311 659 449 712 quibus
472 673 596 712 neque
622 662 786 698 Graecos
816 672 879 696 ne-

66 735 71 739 ·
137 730 214 770 que
237 715 352 756 Oscos
370 715 481 755 ludos
504 718 648 755 Marius
671 715 878 754 desiderare

138 773 334 814 debuerit:
363 773 470 827 prior
489 773 528 811 in
543 774 628 826 ipfis
647 771 761 819 ludis,
773 770 878 825 quod

137 830 288 880 indigni
318 831 400 875 sint,
427 830 495 881 qui
523 843 543 867 a
573 832 659 869 viro
678 832 784 879 graui
813 828 879 868 do-

138 889 337 941 &rinaque
367 884 537 938 expolito
567 885 791 940 spe6bentur.
831 884 882 924 al·

138 954 220 986 tera
239 958 318 983 non
339 944 379 982 in
396 943 481 995 ipsis
502 942 599 982 ludis
620 945 682 990 est,
708 943 770 982 sed
789 945 882 997 peti-

140 1012 206 1042 tur
225 999 473 1040 extrinsecus:
522 1002 611 1053 quia
643 999 735 1040 Osca
765 1001 882 1040 verba

137 1059 286 1101 Marius
305 1055 366 1097 vel
395 1059 435 1096 in
455 1055 584 1096 senatu
613 1059 787 1111 Arpinati
820 1071 886 1096 au-

141 1115 225 1155 dire
241 1114 362 1169 posset
371 1129 384 1162 ς
417 1114 517 1166 (non
545 1116 647 1153 enim
677 1114 792 1154 Oscos
830 1112 886 1153 lu-

140 1172 214 1213 dos
232 1173 316 1211 fieri
337 1173 378 1210 in
401 1172 575 1224 Arpinati
597 1170 725 1210 senatu
748 1173 884 1211 Cicero

143 1229 246 1277 dicit,
268 1227 330 1268 sed
351 1230 500 1267 iocatur
514 1230 555 1267 in
578 1230 804 1282 Arpinatum
835 1227 885 1267 se·

140 1297 324 1327 natorum
361 1283 553 1334 linguam,
597 1285 691 1324 Osca
740 1286 887 1324 mistam

141 1352 303 1399 propter
322 1343 573 1394 vicinitatem)
592 1355 613 1380 a
636 1345 788 1382 Graecis
823 1356 887 1381 au-

142 1413 221 1441 tem
241 1398 367 1439 alieno
395 1400 524 1438 animo
556 1398 658 1447 esset,
681 1413 802 1452 vsque
827 1413 889 1447 eo,

143 1468 186 1499 vt
207 1460 388 1496 Graecam
416 1457 540 1504 viam,
564 1470 647 1495 cum
684 1455 730 1495 ad
756 1454 887 1496 villam

142 1513 249 1555 suam
267 1517 353 1562 iret,
371 1512 534 1552 libenter
555 1515 704 1552 vitaret.

204 1583 407 1637 Athletas]
450 1586 559 1632 Qos
580 1585 620 1622 in
641 1585 790 1624 theatro
812 1598 890 1624 cer-

146 1641 251 1689 taffe,
261 1642 396 1681 Dionis
417 1642 635 1679 testimonio
653 1643 730 1680 iam
749 1639 888 1695 proba·

146 1702 285 1741 vimus.
368 1697 594 1736 Athleticurn
617 1710 743 1738 autem
772 1710 889 1738 certa·

149 1771 238 1798 men
279 1752 479 1807 Olympiae
517 1753 699 1795 Hercules
727 1757 891 1795 inuenit.

150 1817 294 1854 Graece
314 1815 513 1859 πένταθλον,
541 1813 675 1851 Latine
693 1815 892 1868 quinquer-

150 1872 250 1913 tium
289 1868 497 1916 dicebatur,
535 1870 626 1921 quia
662 1872 891 1909 certationes

152 1939 358 1980 corporum
377 1923 506 1972 essent,
526 1936 568 1965 vt
582 1958 585 1959 γ
600 1927 641 1964 in
662 1924 816 1965 Polluce
843 1925 893 1966 Ie-

150 1986 266 2035 gitur,
284 1984 452 2035 quinque
484 1983 610 2030 rebus,
637 1981 759 2030 cursu,
779 1982 892 2032 lufta,

152 2039 338 2097 pugilatu,
357 2037 464 2086 saltu,
485 2038 598 2079 disco.
627 2037 716 2079 ideo
743 2045 895 2079 »rem-us-

153 2112 211 2142 λος
230 2097 351 2137 dietus
369 2097 420 2134 est
442 2097 678 2134 Democritus
701 2097 895 2146 Abderita,

156 2153 262 2209 quod
283 2151 502 2193 exercuiffet
521 2153 677 2206 physica.

212 2226 313 2279 Ipfi’]
342 2226 463 2264 Dator
485 2222 676 2262 ludorum.

215 2280 443 2334 Confitetur]
492 2282 592 2329 Qua
618 2280 728 2334 pauci
745 2293 795 2319 eo
823 2293 899 2321 cer·

159 2340 303 2380 tamine
339 2336 527 2377 dele&ati.

218 2411 384 2462 Operam
403 2420 439 2448 et
458 2406 597 2460 oleum]
654 2409 844 2448 Laborem
864 2418 903 2448 et

160 2466 365 2519 sumptum.
404 2463 491 2504 oleo
522 2467 623 2503 enim
663 2467 901 2515 vngebantur

159 2522 385 2562 athletarum
415 2536 585 2576 corpora.
623 2521 662 2560 id
695 2525 820 2575 primo
846 2522 897 2561 di-

162 2583 264 2622 &um
284 2582 324 2617 in
345 2576 419 2618 vna
439 2593 493 2625 re,
512 2580 557 2617 de
584 2577 731 2618 athletis
752 2576 902 2627 scilicet,

164 2639 232 2691 qui
270 2636 402 2675 labore
443 2646 479 2674 et
515 2634 661 2685 sumptu
696 2638 901 2684 exercitati,

163 2708 253 2734 mox
274 2693 462 2732 interdum
475 2705 606 2744 parum
629 2694 906 2745 probarentur3

167 2750 304 2791 deinde
332 2750 378 2788 ad
413 2750 542 2787 omnia
585 2748 713 2787 similia
750 2750 903 2788 transla-

165 2817 247 2848 tum
268 2809 342 2855 est,
370 2808 412 2846 in
443 2807 582 2858 quibus
620 2817 657 2845 et
698 2820 837 2861 operae
868 2817 906 2847 et

1581 133 1667 192 '427

930 242 1098 298 sumptus
1123 246 1307 286 ia&uram
1330 246 1467 287 faciam
1488 246 1559 288 esse
1581 262 1669 289 con-

931 303 1053 341 staret.
1100 302 1250 343 Plautus
1298 307 1339 344 in
1384 307 1498 345 Poen.
1527 308 1607 346 A&
1632 318 1667 348 1.

932 360 986 397 Sc.
1001 372 1036 399 2.
1056 373 1092 397 v.
1109 372 1124 400 1
1137 371 1199 412 ¹9·

1129 431 1226 469 Tum
1252 431 1320 484 pol
1338 447 1357 484 ς
1385 447 1402 471 ο
1426 442 1464 471 ct
1491 431 1612 471 oleum
1631 442 1670 471 et

1098 498 1250 540 operam
1270 498 1341 538 per
1372 485 1437 528 idi.

992 557 1239 610 Venationes]
1297 561 1339 597 In
1373 560 1511 612 quibus
1542 556 1671 600 leones

932 615 1158 666 quingentos
1185 615 1404 655 interfeeios
1426 615 1510 663 css'e,
1539 619 1673 657 auctor

921 669 1167 718 &marchuz
1191 684 1226 711 ct
1247 674 1321 711 Dio
1343 672 1407 712 lib.
1432 685 1494 725 39.

991 742 1113 781 Bitiae
1129 755 1202 795 per
1220 741 1300 783 dies
1330 743 1507 798 quinque]
1543 746 1671 792 mnae,

935 801 1024 852 quia
1054 813 1166 838 mane
1197 799 1325 847 datae,
1364 803 1446 854 post
1476 801 1674 841 meridiem

935 858 1161 896 instauratae
1195 856 1291 898 sunt.

992 928 1149 967 Homini
1163 928 1282 980 polito
1301 939 1411 970 ERN.
1439 927 1609 982 politico]
1637 930 1675 968 Si

937 985 1132 1023 veteribus
1158 983 1266 1024 libris
1291 985 1462 1025 habenda
1489 985 1580 1025 fides
1603 987 1675 1024 est:

937 1041 977 1079 in
999 1042 1189 1089 omnibus,
1210 1052 1246 1082 et
1275 1057 1370 1096 quos
1395 1043 1488 1082 olim
1518 1043 1612 1090 vidi,
1641 1052 1678 1082 et

940 1099 1077 1150 quibus
1104 1113 1202 1137 nunc
1224 1112 1324 1147 Vter,
1338 1103 1387 1139 ita
1408 1100 1555 1150 legitur.
1586 1101 1610 1138 fi
1631 1099 1677 1138 de

940 1154 1122 1194 sententia
1143 1155 1384 1196 laboramus:
1412 1155 1554 1197 cauffae
1581 1154 1678 1195 nihil

941 1213 1071 1260 video,
1095 1227 1161 1252 cur
1182 1228 1262 1252 non
1284 1214 1440 1267 placeat,
1460 1215 1598 1253 homini
1614 1227 1678 1266 po·

943 1270 1060 1309 lttico.
1082 1268 1181 1310 valet
1203 1272 1316 1319 enim,
1338 1273 1424 1310 viro
1445 1272 1564 1320 graui,
1585 1270 1679 1309 et'in

941 1325 1138 1380 republica
1159 1327 1319 1367 versato.
1357 1329 1550 1367 Mediceus
1570 1325 1680 1375 liber,

943 1383 1084 1423 bomini
1099 1385 1243 1436 polito:
1271 1385 1373 1438 quod
1395 1387 1457 1432 est,
1478 1383 1650 1434 eleganti.

998 1442 1033 1480 A
1059 1440 1309 1491 valentissima
1329 1441 1463 1495 bestia]
1501 1445 1532 1480 A
1556 1440 1679 1480 leone.

1003 1498 1042 1537 V
1038 1496 1217 1552 enabulo]
1276 1498 1422 1538 Telum
1447 1499 1682 1544 venantium,

944 1553 1022 1593 lato
1059 1552 1177 1594 ferro.
1207 1554 1386 1605 Virgilius
1436 1555 1502 1595 lib.
1519 1567 1558 1606 4.
1587 1557 1680 1593 Aen.

945 1625 983 1652 v.
1012 1621 1100 1662 ¹31-

1002 1683 1115 1723 Retia
1148 1696 1258 1729 rara,
1278 1683 1432 1738 plagae,
1458 1683 1540 1722 lato
1571 1695 1684 1722 vena-

1113 1738 1206 1779 bula
1234 1739 1354 1789 ferro.

1008 1808 1385 1862 Transuerberatur]
1415 1810 1687 1849 Transiicitur.

1004 1865 1314 1921 Elephantorum]
1337 1871 1444 1916 Qios
1457 1869 1536 1906 XX.
1558 1876 1599 1905 vt
1619 1864 1688 1904 Pli-

950 1924 1036 1962 nius
1056 1926 1122 1971 ait‚
1144 1923 1219 1971 vel,
1236 1935 1284 1965 vt.
1301 1926 1390 1971 Dio,
1412 1926 1550 1964 XVIII.
1580 1925 1687 1962 Pom·

951 1982 1058 2034 peius
1084 1983 1124 2019 in
1143 1982 1256 2021 Circo
1288 1981 1404 2022 dedit.

1007 2051 1247 2102 Admiratio]
1308 2055 1520 2093 Tantarum
1547 2050 1691 2093 bellua-

952 2125 1038 2152 tum
1059 2109 1247 2164 adspectu.

1008 2168 1118 2224 Qsin
1140 2165 1274 2218 etium]
1334 2166 1581 2206 Contrarium
1608 2165 1692 2207 fub-

954 2225 1149 2273 iungitur:
1176 2236 1263 2261 nam
1284 2221 1482 2263 deleekatio
1512 2239 1597 2263 cum
1620 2224 1695 2264 lae-

955 2283 1037 2320 titia
1058 2281 1118 2329 est,
1143 2279 1399 2319 misericordia
1420 2295 1503 2320 cum
1524 2279 1672 2321 dolore.

1013 2349 1291 2404 Mzfiricordia
1316 2350 1520 2407 quaedam]
1567 2354 1694 2409 Que-

957 2407 1060 2454 dam‚
1072 2407 1179 2454 dixit,
1197 2409 1285 2460 quia
1302 2411 1458 2462 proprie
1473 2408 1697 2450 miseremur

960 2466 1075 2503 nostri
1111 2464 1298 2512 similium,
1349 2479 1427 2504 non
1481 2467 1694 2506 brutorum.

960 2520 1130 2561 Caufl'am
1164 2522 1275 2560 huius
1321 2522 1600 2562 misericordiae
1628 2523 1698 2562 Pli-

960 2581 1044 2631 nius
1072 2581 1227 2632 exponit
1249 2580 1308 2618 his
1328 2580 1454 2619 verbis
1474 2579 1540 2618 lib.
1553 2586 1587 2628 8.
1616 2595 1645 2618 c.
1656 2592 1696 2633 7.

965 2634 1105 2690 fimiffic
1129 2636 1250 2692 fugate
1276 2637 1368 2688 spe,
1397 2636 1697 2686 misericordiam

961 2693 1064 2748 vulgi
1086 2693 1340 2733 inenarrabile
1360 2692 1490 2732 habitu
1516 2707 1699 2747 qu-‹eren-

962 2759 1017 2787 να·
1034 2751 1322 2802 supplicauere,
1352 2752 1513 2806 quadam
1531 2750 1613 2798 Jese
1641 2750 1699 2788 la-

962 2811 1188 2849 mentatione
1205 2809 1489 2862 complwantes,
1509 2816 1619 2863 tanto
1637 2818 1699 2858 po-

1616 2863 1699 2916 pult.
