1863 3172
172 84 230 126 24

172 183 266 242 crssb
284 189 384 228 enim
398 187 446 241 se
465 204 540 230 non
559 205 769 248 anguntur,
792 194 920 236 obiur-

168 246 263 296 gari
280 246 427 298 moleste
450 246 510 297 fet
520 258 616 287 unt.-
651 249 755 304 quod
781 263 920 294 contra

169 296 374 352 oportebat,
399 300 539 345 deliHo
566 303 706 353 dolere,
719 308 918 351 corret‘lio-

168 370 215 395 nc
238 362 421 413 gaudere.
477 362 580 401 recte
611 357 730 412 igitur
765 367 917 416 Cicer0‚

169 426 254 452 cum
275 414 447 454 hortatus
468 418 690 471 Pompeium
713 421 815 471 esset,
835 438 918 464 mo-

167 470 335 511 nendum
358 474 472 514 etiam
495 478 668 527 putauit,
685 483 739 519 ‘vt
770 480 805 518 ei
838 495 915 519 ma-

164 539 277 576 gnam
298 543 342 568 ex
353 529 580 574 reductione
596 537 695 584 regis
717 535 916 578 infamiam

166 597 421 641 proponeret.

222 670 417 726 Magnam
435 672 656 726 infamiam]
676 674 915 728 Triplicem;

165 724 227 766 vel
247 729 387 775 ingrati
408 731 540 776 animi,
563 733 629 784 qui
652 731 831 780 Lentulo,
852 748 913 775 cu-

162 784 223 823 ius
244 797 331 833 erga
353 784 387 824 se
409 786 533 825 officia
555 789 706 829 cum'in
735 787 913 832 sermone

163 841 408 894 quotidiano,
443 854 524 882 tum
550 846 591 884 in
621 845 751 885 senatu
785 846 911 899 palam

161 911 542 947 commemoratum-at,
565 901 831 944 reduftionem
851 919 909 944 re·

161 956 218 1006 gis
235 953 496 1005 Alexandrini,
515 957 737 1012 praesertim
767 962 802 1001 ei
830 963 909 1002 iam

161 1025 185 1051 a
209 1010 338 1052 senatu
371 1012 571 1062 decretam,
604 1026 809 1058 conaretur
835 1021 908 1060 eri-

160 1082 274 1123 pere3
303 1068 363 1109 vel
383 1070 659 1112 immoderatae
671 1074 908 1124 ambitionis,

161 1126 242 1178 qui,
260 1125 413 1167 summis
445 1129 522 1168 iam
539 1129 762 1184 perfunc‘tus
785 1132 909 1171 hono-

159 1183 280 1230 ribus,
303 1185 497 1238 triumque
518 1188 805 1241 triumphorum
826 1188 908 1239 glo-

160 1240 217 1280 ria
247 1241 533 1289 circumfluens,
571 1243 822 1285 frumentaria
853 1258 907 1286 et·

156 1298 234 1335 iam
271 1299 481 1345 curatione,
511 1299 656 1340 summa
687 1316 772 1342 cum
800 1314 908 1357 pote·

156 1354 260 1399 state,
280 1352 410 1406 paullo
436 1366 524 1395 ante
554 1368 733 1406 ornatus,
765 1369 907 1409 tamen,

155 1410 215 1450 his
237 1424 316 1449 non
338 1423 553 1462 contentus,
583 1415 774 1456 honorem
798 1428 907 1470 prae-

155 1477 272 1514 terea,
299 1470 531 1521 quicumque
572 1471 674 1521 esset,
700 1477 906 1527 Aegyptiae

156 1522 360 1573 legationis
407 1538 625 1580 appeterem
681 1528 743 1569 vel
787 1534 904 1574 etiam

158 1583 368 1629 auaritiae,
398 1584 504 1636 quod
535 1589 634 1635 regis
662 1591 904 1637 muneribus,

157 1651 333 1687 magnam
358 1641 404 1680 ab
433 1640 516 1694 ipso
549 1644 773 1684 restituendi
800 1649 905 1699 cupi-

159 1694 316 1736 ditatem
341 1711 431 1751 prae
452 1697 488 1739 se
508 1698 680 1748 ferentis,
702 1715 904 1757 corruptus

159 1754 362 1793 existimari
394 1754 526 1808 posset.

217 1823 358 1875 Plane]
415 1824 622 1876 Hic'valet,
648 1833 830 1872 omnino:
860 1843 903 1874 vt

160 1878 226 1920 lib.
242 1883 305 1924 16.
328 1883 430 1934 epist.
445 1894 482 1934 ς.
519 1886 628 1925 Malu·
651 1888 840 1939 placebat,
856 1891 910 1942 .st

153 1936 313 1991 firmior
333 1935 429 1991 elJZ’s,
462 1950 506 1980 vt
534 1953 572 1981 te
602 1944 814 1985 Leucadem
838 1946 902 1987 de·

158 2004 351 2047 portaret,
374 2006 419 2033 vt
442 1995 495 2035 ihi
517 2008 555 2037 te
570 2000 687 2051 plane
708 2003 906 2054 confirma·

162 2064 235 2090 res.
293 2049 394 2090 Alibi
413 2065 564 2106 aperte:
589 2058 691 2110 quia,
710 2072 808 2111 quae
827 2059 906 2115 pla·

163 2120 212 2147 na
243 2105 340 2155 sunt,
369 2108 488 2149 oculis
517 2124 672 2165 patent:
711 2126 752 2155 vt
779 2116 846 2156 lib.
865 2133 903 2160 2.

165 2165 268 2216 epist.
293 2175 356 2217 15.
388 2167 448 2205 De
470 2168 602 2210 Ocella
617 2180 759 2224 parum
778 2173 904 2217 adme

162 2220 508 2274 planestripfiras.

224 2294 307 2334 Nec
325 2296 497 2348 precihus
516 2301 664 2356 nastris,
687 2319 754 2345 nec
779 2305 906 2348 admo·

165 2350 392 2409 nitionikus]
431 2356 510 2395 Cur
537 2359 628 2402 haec
654 2359 731 2401 duo
755 2372 905 2405 tantum

167 2408 333 2455 attingit,
371 2421 553 2463 quattuor
580 2417 657 2455 iam
687 2421 904 2473 propolim,

166 2462 331 2510 hortari,
352 2480 477 2515 orare,
504 2471 697 2521 accusare,
725 2481 906 2519 monere?

167 2520 281 2568 Qiia,
303 2523 369 2573 qui
398 2521 523 2565 locum
549 2531 746 2581 precibus,
779 2544 815 2573 et
842 2534 907 2575 ad·

166 2578 445 2619 monitionibus
465 2596 543 2622 non
564 2585 755 2639 relinquit,
780 2590 904 2632 multo

166 2634 293 2674 minus
318 2634 542 2686 hortationi,
571 2652 636 2682 aut
666 2645 906 2695 accusationi.

167 2691 286 2740 magis
319 2693 421 2733 enim
459 2704 496 2735 et
516 2698 664 2742 orando
693 2715 907 2756 mouemuS,

167 2758 281 2799 quam
299 2746 504 2800 hortando,
515 2764 552 2794 et
571 2757 777 2808 monendo,
791 2775 905 2816 quam

384 53 611 118 PAvLm
651 62 950 124 muvru
995 68 1511 143 COMMENTAmvs

975 200 1203 244 accusando:
1245 207 1363 262 idque
1383 211 1445 252 vel
1474 213 1552 269 ipse
1572 214 1724 271 dispon-

973 257 1092 297 tionis
1118 261 1216 300 ordo
1239 263 1414 309 declarat.
1453 284 1554 321 nam,
1576 285 1618 314 vt
1638 288 1722 314 ora-

974 327 1018 354 re
1033 317 1116 369 post
1136 317 1298 368 hortari,
1316 325 1362 363 fic
1381 340 1540 368 monere
1562 332 1646 385 post
1662 344 1721 371 ae-

975 371 1116 422 cusare,
1141 378 1307 427 augendi
1328 384 1462 431 gratia,
1482 386 1620 427 Cicero
1641 388 1722 429 col-

974 425 1128 471 locauit.
1186 435 1260 474 Hic
1287 435 1550 483 dubitantibus
1571 445 1611 483 in
1635 459 1722 486 ver-

973 485 1041 533 bo,
1065 487 1399 544 admonitionibus,
1429 508 1466 537 et
1493 501 1719 544 mendosum

972 541 1374 602 suspicantibu5,quod
1396 565 1522 594 tamen
1545 559 1584 596 in
1597 562 1721 599 omni·

971 600 1043 641 bus
1079 601 1218 652 legitur
1236 609 1405 662 antiquis
1432 610 1555 661 libris,
1578 626 1721 669 aptam-

971 671 1057 710 que.
1089 671 1128 714 et
1155 667 1465 714 pen-commodam
1495 668 1719 716 sententiam

970 714 1108 763 habet,
1139 716 1357 774 scrupulum
1387 724 1510 778 placet
1537 730 1716 773 eximere.

970 774 1129 814 Dixerat
1146 777 1297 825 Cicero,
1318 791 1358 820 et
1375 796 1549 824 monere.-
1583 785 1717 830 debuit

967 830 1099 880 igitur,
1126 841 1169 872 vt
1195 847 1337 876 nomen
1366 852 1453 879 cum
1481 842 1602 882 verbo
1626 858 1717 884 con-

962 898 1135 936 grueret,
1152 888 1308 939 inferre‚
1321 896 1601 947 monitionibus,
1621 915 1713 952 non,

965 941 1291 988 admonitionibus
1302 965 1315 986 .·
1325 964 1584 1000 cummanere,
1598 968 1636 998 et
1644 959 1717 1000 ad·

964 1014 1127 1050 monere,
1155 1003 1426 1052 fignificatione
1455 1010 1632 1055 differant
1657 1017 1715 1056 in·

965 1055 1096 1097 tervse.
1126 1060 1312 1112 obiurgat.
1327 1066 1430 1105 enim
1458 1070 1504 1117 is,
1535 1073 1602 1124 qui
1631 1087 1714 1113 mo-

964 1123 1043 1159 net,
1063 1123 1105 1153 vt
1124 1113 1235 1170 supra
1255 1121 1509 1164 ostendimus:
1538 1131 1605 1180 qui
1617 1144 1714 1171 vero

963 1168 1159 1217 admonet,
1185 1189 1266 1214 non
1295 1178 1486 1230 obiurgat,
1514 1182 1590 1232 scd,
1617 1187 1711 1239 quid

962 1225 1182 1271 faciendum
1211 1233 1268 1281 fit,
1295 1232 1429 1278 docet:
1467 1250 1509 1280 vt
1540 1244 1726 1299 exempla(

964 1282 1167 1327 declarant.
1226 1291 1270 1329 In
1299 1291 1374 1332 hoc
1408 1295 1528 1344 igitur
1545 1301 1713 1354 pruden-

962 1343 1015 1382 tia
1037 1343 1235 1384 Ciceronis
1256 1349 1491 1397 agnoscitur:
1529 1358 1597 1408 qui
1623 1373 1711 1402 cum

964 1397 1010 1438 de
1026 1401 1200 1454 principe
1221 1405 1399 1454 ciuitatis,
1434 1420 1471 1451 et
1502 1417 1713 1469 praecipuo

963 1454 1020 1496 sui
1041 1457 1089 1496 ab
1109 1457 1254 1500 exsulio
1274 1462 1419 1503 reditus
1436 1470 1593 1511 auctore
1603 1474 1712 1514 Pom-

962 1514 1053 1567 peio
1082 1512 1328 1568 loqueretur,
1365 1521 1561 1575 asperiore
1586 1531 1710 1572 verbo

961 1571 1103 1610 iterum
1122 1574 1178 1614 vti
1199 1573 1338 1625 noluit,
1366 1578 1429 1618 sed
1461 1585 1708 1634 mitigandam

961 1625 1112 1667 leniore
1128 1631 1249 1670 verbo
1278 1631 1502 1678 sententiam
1535 1648 1710 1698 putauit:

961 1694 1004 1724 vt
1037 1686 1229 1735 ostendat,
1267 1691 1321 1730 ita
1360 1694 1581 1748 Pompeium
1618 1716 1708 1753 erga

959 1741 1168 1784 Lentulum
1189 1747 1399 1790 animatum
1419 1752 1503 1801 effe,
1526 1770 1605 1797 non
1626 1773 1709 1800 mo-

960 1797 1011 1837 do
1031 1810 1073 1839 vt
1089 1814 1176 1840 eum
1195 1816 1216 1843 a
1243 1807 1467 1848 restituendi
1492 1815 1592 1862 regis
1620 1830 1710 1857 con-

959 1854 1040 1894 filio
1060 1859 1188 1898 verbis
1207 1859 1465 1915 asperioribus
1482 1869 1631 1920 abduci,
1644 1888 1710 1915 ne·

959 1911 1053 1952 cess'e
1070 1929 1148 1955 non
1160 1917 1214 1965 sit,
1236 1917 1299 1959 sed
1317 1934 1387 1961 nec
1406 1923 1606 1969 admoneri
1624 1933 1710 1984 qui-

963 1968 1063 2017 dem,
1084 1985 1127 2011 ac
1145 1972 1287 2023 doceri,
1306 1990 1386 2030 quo
1403 1983 1516 2033 paeto
1535 1996 1573 2026 et
1593 1985 1709 2043 suspi-

962 2029 1112 2067 cionem
1147 2032 1244 2073 vitet
1269 2035 1498 2089 cupiditatiS,
1528 2052 1565 2083 et
1600 2043 1708 2088 illam

961 2083 1170 2126 reducendi
1213 2092 1312 2139 regis
1362 2107 1491 2138 curam
1536 2102 1708 2156 cupienti

960 2141 1127 2183 Lentulo
1155 2145 1400 2200 obsequatur.

1019 2199 1219 2255 Relinquit
1236 2204 1377 2261 locum]
1410 2208 1501 2248 Non
1518 2214 1707 2271 relinque-

962 2266 1004 2293 re
1026 2256 1148 2296 locum
1179 2259 1370 2311 precibus,
1399 2263 1550 2310 duobus
1579 2272 1707 2314 modis

962 2313 1164 2366 accipitur:
1195 2315 1256 2357 vel
1281 2332 1365 2359 cum
1385 2322 1430 2369 is,
1449 2325 1555 2364 cuius
1584 2332 1706 2377 gratia

963 2378 1000 2407 et
1020 2371 1226 2412 auuoritas
1245 2375 1420 2429 prodesse
1439 2381 1551 2422 nobis
1571 2389 1710 2437 potest,

962 2426 1015 2464 ita
1032 2425 1069 2464 se
1093 2429 1218 2478 geffit,
1263 2441 1307 2471 vt
1337 2447 1425 2474 eum
1452 2451 1590 2488 rogare
1622 2457 1704 2486 non

960 2493 1160 2535 oporteat3
1213 2497 1255 2529 vt
1290 2489 1332 2528 in
1372 2491 1444 2532 hoc
1485 2493 1593 2538 loco:
1642 2496 1706 2542 vel

961 2552 1046 2579 cum
1066 2541 1118 2579 ita
1136 2545 1265 2585 meriti
1287 2544 1427 2596 sumuS,
1459 2560 1501 2592 vt
1529 2556 1707 2607 precibus

950 2593 1059 2636 -nihil
1102 2601 1289 2651 proficere
1335 2604 1440 2658 posse
1482 2610 1704 2654 videamur:

966 2654 1072 2693 cuius
1099 2659 1247 2702 generis
1277 2659 1460 2702 habemus
1489 2668 1705 2722 exemplum

963 2709 1064 2761 apud
1087 2713 1321 2758 Terentium
1345 2720 1385 2759 in
1414 2720 1532 2764 Andr.
1563 2727 1641 2767 A&
1665 2740 1702 2781 3.

962 2767 1015 2807 Sc.
1036 2779 1075 2819 4.
1094 2783 1130 2808 v.
1152 2782 1218 2815 21.

1579 2837 1709 2896 {Quid
