1863 3172
106 52 186 110 198

162 166 350 210 Drachma
385 163 536 204 Solonis
579 163 670 203 affes
712 163 856 203 duode-

223 225 316 263 cim:
346 222 494 262 baiocci
520 234 683 267 nouem,
715 231 751 260 et
783 219 857 260 fra-

224 289 388 331 gmenta.
419 277 551 316 eadem
581 279 846 331 proportione.

168 339 354 381 Euboica,
381 337 574 373 Romanae
599 335 734 374 vnciae
757 337 859 375 0813·

224 407 274 433 va
295 404 394 446 parS,
421 391 511 429 affes
529 404 618 448 (1113
608 389 859 430 t-tumdecim:

225 449 372 489 baiocci
383 462 406 486 v
410 447 572 496 ndecim,
587 459 626 487 et
637 447 862 499 fragmenta.

171 503 424 552 Babylonica,
453 503 544 544 asses
575 504 737 544 sedecim
779 520 865 545 cum

229 564 391 603 triente:
419 563 565 601 baiocci
598 561 800 611 tredecim,
828 573 866 602 et

231 619 461 669 fragmenta.

172 676 434 724 Corinthiaca,
468 675 558 715 affes
592 674 751 716 sedecim
780 690 867 715 cum

231 730 354 774 besse:
405 734 553 773 baiocci
591 733 801 780 tredecim,
830 741 868 772 et

230 790 461 840 fragmenta.

168 849 375 901 Aegyptia,
407 845 498 885 asses
528 846 657 885 decem
700 854 737 882 et
763 845 868 891 0610,

235 918 322 944 cum
340 902 459 942 beffe:
452 904 616 942 ·baiocci
635 901 867 953 quindecim.

177 962 410 1011 Aeginetica,
446 970 482 999 et
512 961 700 998 Hebraica
729 956 869 1004 ciuilis,

237 1016 330 1056 ass'es
347 1017 506 1066 viginti:
538 1016 686 1055 baiocci
696 1013 872 1062 sedecim,

239 1085 277 1113 et
296 1072 519 1123 fragmenta.

181 1131 372 1171 Hebraica
400 1129 514 1177 sacra,
537 1125 629 1167 asses
648 1127 876 1181 quadragin-

241 1198 298 1227 ta:
335 1187 481 1226 baiocci
513 1185 671 1235 triginta
697 1184 798 1232 duo,
837 1194 876 1225 et

205 1240 208 1243 ⁴
243 1243 469 1293 fragmenta.

183 1302 348 1348 Syriaca,
372 1298 462 1340 asses
485 1278 736 1352 quadraginta
765 1301 879 1345 οᾶὶος

245 1358 392 1397 baiocci
414 1358 567 1407 triginta
600 1359 714 1412 οᾶοξ,
741 1369 778 1398 et
804 1356 878 1397 fra-

243 1426 411 1463 gmenta.

189 1470 420 1524 0001333]
479 1473 644 1511 Centum
683 1470 874 1511 millibus:

127 1540 228 1578 quae
263 1527 348 1569 sunt
376 1527 625 1583 quadraginta
663 1528 785 1568 millia
820 1527 877 1567 se-

127 1585 370 1626 stertiorum:
395 1587 422 1625 fi
440 1585 558 1625 modo
578 1585 777 1625 drachmae
812 1588 875 1624 At-

127 1643 228 1682 ticae
246 1642 344 1690 sunt,
363 1657 443 1682 non
473 1644 642 1689 Syriacae
658 1661 666 1682 :
696 1641 801 1697 quod
819 1643 877 1680 in-

127 1698 284 1740 terdum
313 1701 507 1740 dubitaui:
540 1699 637 1739 'cum
667 1701 729 1739 hic
758 1697 876 1739 Sallu-

128 1757 223 1796 fiius
246 1771 267 1796 e
285 1759 388 1802 Syria
409 1756 612 1810 scripserit,
638 1759 680 1795 in
711 1771 785 1810 qua
817 1758 876 1795 Bi-

131 1812 219 1852 buli
240 1816 416 1867 quaestor
435 1813 521 1853 fuit.
533 1815 623 1853 haec
646 1828 765 1868 porro
780 1813 876 1853 sum-

130 1884 194 1910 ma
215 1870 416 1910 duodecim
434 1869 664 1910 scutatorum
680 1870 878 1910 0111113110-

133 1929 260 1968 stratis
279 1930 462 1982 pecuniae
492 1930 676 1967 conficiet.
732 1931 881 1967 Harum

136 1994 332 2033 notarum,
378 1999 580 2024 numerum
616 1984 881 2031 indicantium.

138 2055 238 2093 quae
263 2041 382 2081 fuerit
413 2040 506 2081 olim
541 2043 666 2092 origo,
703 2043 764 2081 etsi
794 2052 883 2081 ante

139 2097 281 2137 multos
302 2113 423 2138 annos
441 2097 597 2152 exposui
618 2101 658 2138 in
680 2102 884 2138 Commen-

138 2156 243 2194 tario
264 2155 506 2208 epistolarum
519 2155 565 2194 ad
585 2157 751 2195 Atticum
764 2155 829 2195 lib.
847 2167 883 2197 1.

140 2213 247 2264 epist.
261 2211 297 2252 6.
320 2224 449 2252 tamen
470 2213 531 2250 hic
552 2227 612 2251 me
632 2211 736 2252 locus
759 2213 890 2252 admo-

142 2278 223 2315 net,
243 2283 291 2307 ne
312 2271 336 2308 s
341 2269 457 2308 lentio
474 2271 784 2322 praetermittam.
808 2273 890 2309 Nu-

143 2339 340 2381 merorum
388 2333 508 2365 notas'
545 2328 711 2379 primum
752 2329 889 2381 quinto

144 2378 268 2420 loco
263 2394 408 2422 veteres
432 2385 642 2430 variamur,
671 2384 809 2423 deinde
828 2383 889 2422 de·

147 2440 269 2485 timo,
304 2454 393 2478 mox
425 2440 770 2492 nquinquagefimo,
810 2452 892 2480 tum

145 2496 359 2542 centesimo,
388 2497 522 2534 eodem
542 2498 583 2534 in
604 2497 762 2550 reliquis
785 2498 886 2537 ordi-

146 2566 196 2590 ne
218 2552 454 2598 conseruato,
486 2563 632 2592 mutato
667 2557 817 2594 numeri
845 2556 886 2593 fi-

146 2622 236 2657 gno‚
267 2611 416 2661 quoties
448 2623 626 2648 numerus
662 2626 682 2650 3
709 2613 887 2664 quinario

148 2666 196 2703 ad
226 2664 396 2719 duplum,
418 2676 453 2704 et
474 2679 494 2704 a
529 2665 646 2717 duplo
675 2668 802 2709 rursus
840 2668 887 2709 ad

151 2723 367 2775 quinarium
394 2721 633 2779 peruenisset.

321 36 550 94 11111111
574 50 882 92 MANVTu
917 19 1453 92 c0MMEN†‘AR·1vs'
1496 27 1506 32 ’

965 165 1092 203 Prima
1118 158 1209 204 nota
1224 162 1309 213 fuit,
1340 168 1371 213 I,
1400 178 1513 212 vnuS,
1541 156 1688 217 vsque⁴

1025 219 1073 259 ad
1097 231 1282 272 quattuor
1312 225 1461 271 iterata.

972 277 1141 318 Secunda
1176 290 1293 325 nota,
1319 283 1376 328 V,
1410 281 1595 332 quinque,
1624 279 1668 316 in

1027 335 1205 387 quinario
1273 337 1439 388 primum
1504 348 1668 374 nurnero

1032 402 1179 430 variata
1188 421 1197 429 .

978 450 1132 495 Tertia,
1152 450 1198 494 X,
1220 446 1362 493 decem,
1381 449 1421 486 in
1449 447 1565 501 duplo
1589 449 1673 501 qui·

1038 507 1160 551 nario,
1183 515 1224 542 vt
1254 504 1330 540 13111
1359 503 1450 552 dixi,
1493 507 1695 557 mutatio*—

1038 577 1126 601 nem
1154 562 1354 612 recipiens,

982 623 1143 668 Quarta,
1163 621 1207 665 L,
1238 619 1527 670 quinquaginta,
1558 619 1671 658 311810

1039 677 1122 730 post
1151 677 1301 714 tertiam
1337 686 1492 721 notam,
1532 675 1584 713 id'
1609 677 1674 724 est,

1040 734 1137 787 post,
1171 735 1217 778 X,
1244 734 1286 771 111
1311 730 1564 785 quincuplum
1606 746 1674 770 1111-

1043 803 1164 828 mero.
1692 835 1698 840 .

979 845 1148 891 Quinta,
1184 847 1228 892 C,
1263 856 1435 894 centum,
1483 842 1686 899 duplicato,

1037 904 1383 955 quinquagenario.

985 963 1108 1004 Sexta,
1123 971 1184 1006 13,
1198 961 1417 1011 quingenta,
1439 960 1547 999 ethic
1566 962 1676 1014 quin-

1038 1014 1143 1069 cupli
1173 1017 1322 1054 ratione
1356 1015 1514 1056 seruata.

983 1075 1159 1128 Septima,
1183 1084 1279 1120 013,
1303 1071 1428 1120 1111116,
1459 1074 1587 1114 habita
1615 1074 1678 1114 du·

1042 1128 1098 1184 pli
1122 1132 1284 1169 ratione.

988 1189 1136 1230 0613113
1178 1188 1342 1227 mutatio
1390 1184 1485 1235 fuit,
1516 1202 1598 1227 cum
1631 1187 1680 1227 ad

1047 1246 1218 1298 quinque
1254 1241 1373 1283 millia
1411 1244 1679 1297 peruenissent.

1045 1315 1146 1348 nam,
1170 1315 1218 1340 ne
1237 1303 1348 1340 toties
1373 1310 1454 1342 013
1483 1304 1681 1352 iterarent,

1040 1359 1101 1397 his
1123 1360 1225 1397 notis
1246 1359 1298 1397 vfi
1323 1356 1420 1405 sunt,
1451 1370 1545 1400 133.

987 1418 1106 1456 Nona
1144 1417 1323 1461 mutatio,
1346 1427 1368 1452 a
1400 1414 1611 1469 quincuplo
1638 1418 1682 1456 in

1049 1470 1222 1524 duplum,
1268 1472 1410 1524 recepit
1458 1473 1526 1511 has
1570 1484 1680 1513 notas

1050 1540 1213 1576 ccmo,
1233 1529 1361 1567 decem
1391 1527 1521 1569 millia.

988 1589 1157 1634 Decima,
1177 1600 1199 1624 a
1218 1583 1337 1639 duplo
1360 1587 1401 1623 in
1416 1585 1683 1640 quincuplum,

977 1680 988 1682 -
1043 1657 1173 1691 13:33,
1196 1644 1472 1696 quinquaginta
1493 1643 1624 1683 millia.

989 1702 1211 1747 Vndecima,
1235 1709 1271 1739 et
1290 1697 1436 1748 vltima,
1470 1715 1490 1739 3
1523 1703 1685 1755 quincu-

1044 1757 1111 1813 plo
1157 1759 1199 1796 in
1248 1755 1429 1810 duplum,
1461 1768 1685 1808 0001333,

1048 1824 1199 1856 centum
1220 1813 1351 1852 millia.

992 1902 1074 1940 Nec
1094 1896 1193 1939 vltra
1215 1908 1395 1939 notarum
1406 1900 1578 1941 'mutatio
1597 1915 1686 1955 pro-

938 1956 1056 2006 gressa
1077 1959 1139 1996 est.
1172 1970 1251 1996 non
1275 1958 1376 1996 enim
1400 1967 1561 2007 veteres,
1573 1969 1615 1998 vt
1632 1961 1687 1999 ait

938 2013 1098 2063 Plinius,
1117 2013 1216 2054 vltra
1236 2023 1386 2052 centum
1415 2013 1534 2054 millia
1555 2031 1686 2056 nume-

939 2073 1087 2111 rabant.
1119 2070 1224 2124 quod
1242 2071 1269 2109 fi
1295 2070 1478 2120 ducenta,
1508 2071 1580 2119 §vel
1612 2084 1686 2112 tre·
1718 2071 1722 2073 ”

942 2140 1071 2176 centa,
1117 2138 1183 2167 aut
1239 2126 1515 2180 quadringenta
1566 2129 1688 2170 millia

944 2187 1142 2235 significari
1171 2194 1390 2237 oporteret3
1448 2186 1513 2224 has
1553 2198 1688 2235 notas,

948 2253 1172 2289 0001333,
1200 2242 1273 2293 bis,
1303 2251 1374 2288 ter,
1397 2254 1545 2295 quater,
1573 2254 1631 2293 et,
1660 2245 1688 2284 fi
1714 2264 1716 2266 >

946 2314 1043 2353 opus
1077 2299 1178 2346 esset,
1206 2297 1353 2351 saepius
1386 2301 1586 2341 iterabant.
1627 2304 1687 2341 cu-

941 2359 1004 2396 ius
1028 2354 1198 2409 exempla
1218 2357 1335 2394 moris
1361 2367 1397 2395 et
1417 2359 1458 2396 in
1488 2355 1618 2405 libris,
1650 2368 1689 2398 et

946 2416 987 2453 in
1015 2415 1181 2465 antiquis
1204 2410 1394 2465 lapidibus
1415 2415 1567 2454 exstant.
1593 2416 1689 2455 Sunt

946 2472 1061 2520 igitur
1088 2477 1202 2508 notae
1232 2471 1393 2508 omnino
1422 2471 1596 2510 vndecim
1624 2478 1688 2511 va-

945 2530 1038 2575 riae,
1064 2527 1240 2578 deinceps
1269 2540 1290 2564 a
1321 2528 1434 2566 nobis
1460 2527 1688 2575 demonstra·

945 2596 1018 2633 tae,
1039 2594 1164 2623 tamen
1194 2583 1399 2624 iterandae.

1053 2671 1086 2715 I,
1112 2668 1232 2706 vn'us:

1058 2729 1106 2775 V,
1131 2726 1323 2779 quinque:
1345 2757 1351 2759 -

1564 2784 1611 2832 X,
1632 2781 1692 2823 de·
