1863 3172
347 133 412 172 m
440 132 552 173 cie.
582 133 774 173 EPIST.
812 135 944 174 ΒΑΜ.
984 135 1495 176 L1ss.v.r-:P1s·r.xx.
1585 145 1665 190 357

113 242 267 282 Volusio
289 242 566 299 praedibusque
577 245 784 286 liberandis
795 259 851 285 ra-

113 303 240 347 tione,
274 297 371 338 infra
406 303 605 352 fignificat;
659 301 851 356 reliquum

112 355 237 396 nescio
255 356 347 408 quid
379 358 439 397 vel
471 360 644 399 Volufius
663 358 761 413 ipse,
790 357 851 398 vel

112 426 183 467 pro
235 410 390 453 Volusio
437 416 611 457 Valerius
665 415 850 456 soluerat:

110 469 212 524 quod
232 471 271 508 in
284 473 498 512 rationibus
517 473 777 528 perscriptum,
789 474 852 514 Ci-

109 540 195 566 cero
215 527 261 565 ad
292 532 481 569 aerarium
503 530 646 571 retulit.

162 599 206 638 In
230 600 443 640 rationibus
461 600 607 654 retuli]
639 600 795 654 Referre
805 601 848 641 in

103 658 274 696 rationes
302 670 339 696 et
369 661 408 696 in
434 658 667 706 rationibus,
698 657 847 697 diuersa

101 712 284 752 sententia
307 714 465 754 dicitur:
494 718 534 754 in
554 717 738 761 rationes,
759 728 845 755 cum

104 784 245 809 nomen
274 770 430 824 aliquod
458 773 497 810 in
518 771 759 811 conficiendis
789 785 845 811 ra-

104 829 273 867 tionibus
300 831 550 890 interXcetera
578 831 735 868 nomina
765 843 848 883 per·

103 884 300 924 scribitur:
327 888 367 924 in
395 885 627 936 rationibus,
669 900 754 926 cum
779 884 847 926 ali·

104 941 199 995 quid
227 955 300 981 vna
330 956 413 980 cum
442 942 600 996 reliquis
632 945 847 984 rationibus

105 997 152 1038 ad
173 1001 362 1038 aerarium
382 999 558 1040 refertur.

161 1069 282 1133 de
323 1072 477 1111 minime
516 1082 645 1111 tumen
685 1068 848 1124 laboro]

104 1130 190 1168 Hoc
219 1128 340 1175 dixit,
371 1143 418 1167 ne
444 1128 669 1183 prudentiae
698 1128 850 1168 laudem

103 1195 282 1239 appetere
303 1184 500 1225 videatur:
540 1186 645 1239 quod
666 1186 843 1225 vanitatis

106 1244 168 1282 est.
207 1245 381 1291 congruit
416 1258 500 1282 cum
523 1244 596 1283 hoc
624 1242 707 1283 loco
736 1256 844 1297 prae-

106 1298 248 1338 clarum
275 1299 371 1338 illud
403 1302 443 1338 in
471 1299 627 1353 epistola
659 1300 706 1339 ad
734 1303 846 1340 Cato-

106 1371 192 1396 nem
213 1355 277 1394 lib.
296 1367 358 1408 15.
389 1369 428 1406 4.
485 1358 526 1397 Si
550 1360 750 1414 quisquam
764 1357 849 1410 fuit

104 1428 283 1470 vmqnum
301 1425 467 1454 remotus
482 1426 521 1454 et
537 1426 694 1462 natura,
718 1427 756 1454 et
773 1428 852 1453 ma·

99 1473 164 1528 gis
182 1472 322 1517 etiam,
342 1482 386 1509 ut
409 1471 505 1510 mihi
531 1472 685 1527 quidem
700 1472 850 1522 fintire

105 1526 262 1576 vidwr,
281 1530 430 1567 ratione
450 1539 565 1584 atque
585 1527 782 1576 doHritm,
800 1527 849 1567 ab

105 1588 214 1626 inani
243 1584 377 1630 laude,
409 1596 442 1624 et
459 1584 697 1635 sermonibus
729 1585 850 1642 vulgi,

105 1655 170 1697 ego
187 1641 354 1694 profit‘lo
374 1643 406 1681 is
412 1642 516 1692 sttm.
578 1642 691 1697 Tf'st1'1
708 1643 759 1697 ‘st
770 1656 851 1681 con-

98 1699 257 1754 sulatus
280 1713 406 1738 mens:
438 1701 479 1738 in
499 1699 699 1752 quo,·fi”cut
725 1702 764 1738 in
792 1711 849 1737 re-

106 1757 216 1811 liqua
235 1757 332 1802 vita,
359 1754 507 1806 fateor,
533 1771 579 1796 ea
607 1771 661 1796 me
677 1755 851 1809 studiose

100 1813 288 1867 flentum,
308 1827 356 1852 ex
373 1812 508 1867 quibus
529 1828 622 1852 vera
636 1814 768 1869 gloria
785 1826 850 1851 na-

103 1870 160 1923 fiw'
184 1866 321 1924 postet:
350 1869 467 1922 ipfizm
499 1868 653 1925 quidem
679 1870 852 1926 gloriam

101 1939 176 1980 per
192 1927 238 1978 fi*
259 1941 465 1982 numquam
506 1930 647 1979 putaui
683 1938 857 1979 expeten-

107 1981 211 2023 dam.
271 1986 315 2022 In
344 1982 499 2036 epistola
519 1994 644 2024 tamen
674 1982 721 2022 ad
744 1981 856 2022 Dola»

109 2039 271 2088 bellam,
301 2040 367 2081 lib.
390 2053 414 2091 9
449 2053 506 2093 14.
562 2043 674 2088 Sum,
707 2042 856 2092 inquit,

110 2096 265 2138 auidior
286 2100 415 2144 etiam,
439 2097 662 2152 quamfim's
685 2097 757 2152 est,
777 2097 852 2151 glo·

110 2157 205 2195 riae.
262 2158 305 2194 Et
326 2168 396 2208 pro
427 2154 562 2192 Archia
587 2169 616 2192 c.
658 2164 718 2194 11.
773 2156 857 2192 Iam

111 2227 170 2251 me
188 2210 314 2259 vobis,
336 2210 494 2257 iudices,
525 2209 717 2254 indicabo,
745 2220 782 2249 et
811 2210 858 2249 de

112 2283 191 2309 meo
213 2271 375 2324 quodam
405 2281 533 2307 amore
552 2268 726 2323 gloriae,
743 2268 859 2308 nimis

113 2327 198 2366 acri
212 2322 384 2378 fortaffi,
415 2336 675 2365 verumtamen
699 2323 857 2378 honesto,

113 2380 216 2422 vobis
238 2381 448 2436 confitebor.

170 2468 356 2521 Legatum
384 2481 522 2513 meum,
550 2463 859 2519 praefeH‘umque

119 2525 167 2566 Ο.
181 2525 337 2576 Leptam
352 2527 490 2574 ERN]
514 2521 587 2563 Alii
597 2521 742 2571 legunt,
750 2535 857 2575 prae-

109 2566 327 2635 filumque
347 2582 402 2636 Q
415 2582 575 2633 Leptam.
591 2593 661 2618 nos
672 2579 765 2618 olim
783 2578 856 2617 sus-

116 2638 293 2684 tulimus,
334 2641 390 2693 Q
416 2639 596 2688 Leptam,
631 2637 858 2677 auetoritate

117 2694 271 2748 quidem
302 2697 439 2733 veteris
482 2692 594 2740 libri,
633 2692 693 2732 sed
735 2691 857 2732 multo

117 2755 230 2791 etiam
262 2754 376 2800 magis
420 2753 568 2789 ratione
596 2750 760 2790 addue’fi.
791 2763 857 2788 cur

118 2811 220 2850 enim
257 2810 392 2848 Cicero
424 2807 607 2862 praefec'ti
632 2806 688 2850 sui
717 2819 857 2848 nomen

910 255 1040 299 ponat,
1073 244 1185 295 legati
1216 248 1515 298 praetermittat?
1553 250 1655 302 quasi

909 317 1004 342 vero
1023 301 1070 341 ad
1090 301 1257 342 alienum
1285 314 1321 343 et
1338 305 1511 353 ignotum
1535 304 1657 344 homi-

909 373 997 398 nem
1017 358 1218 406 scriberet,
1239 374 1317 399 non
1345 361 1392 400 ad
1413 363 1653 416 quaestorem

909 414 1108 470 suum,qui
1129 427 1166 455 et
1185 414 1341 466 legatos,
1361 429 1397 459 et
1416 418 1652 472 praefeehun

906 471 1059 512 fabrum
1076 502 1087 520 ,
1112 482 1149 512 et
1168 474 1382 514 vniuersam
1412 475 1650 529 proconsulis

907 529 1108 570 Ciceronis
1129 529 1326 569 cohortem
1356 535 1501 586 optime
1532 547 1651 573 noue·

905 595 975 625 rat.
1005 595 1201 639 praeterea
1237 601 1297 626 res
1317 588 1377 627 hic
1407 592 1531 639 agitur
1548 590 1650 630 Rufo

905 642 1104 687 notissima,
1129 642 1175 682 de
1194 658 1267 696 qua
1292 646 1405 686 etiam
1425 646 1503 700 ipsc
1523 647 1568 686 ad
1589 649 1652 688 Cic

903 714 1081 740 teronem
1102 699 1317 754 scripserat:
1346 713 1387 742 vt
1407 705 1441 742 ei
1465 705 1651 757 praedum

903 756 1196 798 Valerianorum
1237 760 1394 798 nomina
1438 761 1652 810 significari,

904 828 1146 869 nequaquam
1176 814 1319 855 neccsse
1352 815 1480 857 fuerit.
1539 818 1650 858 Vnde

903 874 1021 922 igitur
1039 871 1219 926 praefec‘ti
1240 886 1382 914 nomen
1403 874 1651 928 hucirrepsiss

904 931 1053 970 Notum
1083 930 1134 968 est
1159 928 1381 970 hominibus
1421 931 1650 972 emendandi

905 988 1064 1040 peritis,
1100 995 1241 1040 quanta
1269 988 1311 1027 sit
1347 987 1445 1028 faeta
1475 987 1579 1030 labes
1609 991 1651 1028 in

907 1045 1062 1098 optimis
1084 1039 1194 1083 libris
1220 1058 1356 1084 eorum
1379 1045 1536 1085 inscitia.
1569 1048 1651 1098 qui,

907 1116 990 1141 cum
1013 1099 1133 1140 libros
1156 1100 1429 1150 describerent,
1451 1104 1568 1143 verba
1595 1106 1654 1142 in-

905 1159 1165 1212 terpretantia‚
1175 1173 1195 1198 a
1208 1159 1375 1199 studiosis
1398 1160 1558 1208 adieeta,
1570 1174 1652 1200 non

906 1213 1170 1265 agnoscenteS,
1203 1218 1333 1255 omnia
1363 1216 1652 1270 permiscebant.

904 1272 1039 1312 eodem
1059 1286 1213 1320 errore,
1225 1283 1266 1312 vt
1284 1276 1438 1328 opinor,
1450 1276 1551 1314 inter
1568 1288 1653 1314 ver·

903 1332 952 1372 ba
983 1330 1177 1369 Ciceronis
1199 1341 1393 1385 receptum
1421 1333 1491 1378 est,
1515 1332 1572 1390 Q
1590 1333 1654 1373 Le-

902 1398 1036 1442 ptam:
1063 1401 1147 1425 cum
1167 1386 1291 1426 nescio
1312 1390 1410 1441 quis,
1432 1403 1518 1427 eum
1538 1392 1577 1427 in
1592 1389 1653 1427 Ci-

909 1443 994 1484 licia
1018 1442 1249 1496 praefec‘hun
1270 1443 1422 1484 fabrum
1443 1460 1527 1484 cum
1549 1447 1653 1485 Cice-

905 1515 1002 1541 rone
1022 1499 1142 1548 fuiss'e,
1164 1514 1209 1538 ex
1231 1499 1297 1541 lib.
1313 1514 1335 1555 3
1373 1504 1475 1556 epist.
1488 1514 1528 1555 7.
1558 1501 1653 1540 didi-

907 1557 1020 1598 cisset.
1047 1556 1260 1597 adscribere
1278 1556 1391 1608 legati
1416 1573 1558 1597 nomen
1572 1573 1653 1598 non
1672 1594 1673 1597 ,

908 1617 1057 1670 potuit:
1087 1616 1175 1668 quia
1206 1616 1394 1656 coniicere
1424 1614 1653 1658 facillimum

907 1687 988 1712 non
1019 1682 1120 1718 erat,
1153 1673 1238 1725 quis
1276 1686 1320 1712 ex
1356 1682 1540 1725 quattuor
1570 1686 1657 1711 cum

907 1727 1098 1784 praesceto
1154 1742 1263 1783 praes
1319 1729 1465 1769 Valerii
1518 1728 1656 1768 fuisset.

901 1795 1092 1840 quattuor
1110 1796 1237 1827 autem
1255 1784 1365 1828 fuisse
1385 1788 1585 1830 Ciceronis
1605 1785 1657 1829 le-

909 1854 1030 1894 gatoS‚
1058 1845 1113 1892 Q
1138 1841 1309 1890 fratrem,
1338 1845 1382 1883 C.
1419 1845 1656 1891 Pontinium,

911 1903 965 1940 M.
994 1901 1198 1947 Anneium,
1226 1902 1271 1944 L..
1291 1898 1486 1947 Tullium,
1513 1914 1558 1945 ex
1589 1898 1656 1943 lib.

916 1968 979 2010 15.
1009 1957 1111 2009 epist.
1133 1969 1173 2009 4.
1221 1966 1259 1999 et
1286 1955 1371 1996 aliis
1403 1956 1654 2007 cognoscitur.

912 2012 1066 2054 Accedit
1085 2015 1290 2054 auctoritas
1302 2023 1477 2057 veterum
1489 2013 1658 2055 duonum

914 2069 1118 2117 librorum,
1156 2072 1268 2111 vnius
1305 2072 1497 2112 Vincentii
1527 2072 1657 2119 Riccii,

914 2141 991 2180 quo
1024 2126 1106 2169 sum
1145 2126 1230 2167 vsus
1269 2126 1507 2175 adolescens,
1537 2138 1579 2167 vt
1609 2141 1657 2168 eo

914 2195 1088 2239 tempore
1122 2185 1162 2223 in
1188 2182 1347 2223 scholiis
1379 2186 1471 2228 meis
1505 2186 1656 2226 testatus

915 2240 1018 2285 sum;
1048 2239 1216 2289 alterius,
1238 2254 1318 2294 quo
1350 2255 1449 2283 nunc
1471 2253 1572 2291 vtor,
1604 2243 1658 2283 M.

917 2299 1075 2340 Antonii
1094 2296 1240 2345 Maffei,
1258 2295 1291 2336 va
1321 2311 1399 2351 quo
1420 2299 1521 2340 abest
1549 2311 1661 2351 prae—

913 2354 1004 2395 feciti
1027 2367 1181 2393 nomen.
1226 2356 1359 2399 tertius
1391 2357 1443 2398 est
1468 2354 1569 2409 apud
1595 2369 1658 2398 me

914 2409 1025 2457 liber,
1047 2412 1151 2450 cuius
1171 2412 1210 2453 in
1221 2413 1388 2464 margine
1408 2411 1585 2466 scriptum
1599 2409 1656 2456 vi*-

914 2467 998 2515 deo,
1017 2467 1072 2526 Q
1092 2468 1276 2520 Leptam:
1303 2483 1389 2508 cum
1417 2483 1438 2507 a
1462 2470 1659 2512 contInua«

914 2526 1021 2566 tione
1042 2524 1252 2566 verborum
1271 2526 1466 2569 Ciceronis
1498 2526 1600 2569 absit.

969 2581 1154 2633 Maxima
1204 2582 1436 2625 calamita‘te
1491 2581 1654 2635 leuatos]

915 2639 966 2676 Ex
988 2638 1045 2675 his
1071 2638 1197 2676 verbis
1218 2640 1395 2685 conficio,
1427 2641 1527 2681 inter
1551 2637 1656 2694 prae-⁴

918 2694 982 2732 des
1002 2693 1225 2737 Valerianos
1245 2693 1409 2745 legatum
1447 2707 1482 2734 et
1513 2694 1657 2748 pracfe-

915 2753 1017 2791 &um
1058 2750 1177 2792 fuisse.
1217 2766 1304 2791 nam
1341 2764 1377 2790 et
1416 2751 1515 2791 infra
1546 2752 1657 2803 dicit-:-

914 2819 959 2852 vt
988 2808 1111 2847 multa
1147 2820 1232 2850 tam
1256 2811 1395 2865 grauis
1433 2809 1659 2851 Valerianis

967 2865 997 2906 Z
1029 2877 1049 2923 3
1547 2877 1658 2918 prae-
