1863 3172
209 186 307 236 244,

271 290 333 328 De
348 285 415 328 me‘
427 289 573 335 autem]
614 285 730 333 Qod
757 295 883 326 autem
908 286 956 325 ad

244 345 333 386 liam
355 358 491 390 meam,
512 340 720 382 accusatori
745 345 817 383 ‘tuo
839 341 958 383 collo-

216 414 348 451 catam,
367 402 552 456 pertinet:
571 398 713 453 suscipe
734 413 859 439 meam
873 414 958 454 per-

215 459 362 507 sonam,
393 468 434 497 vt
462 466 571 511 putes
605 466 643 495 te
678 455 764 504 effe,
791 459 860 510 qui
885 471 957 507 ego

212 516 319 556 sum:
365 525 448 554 tum
485 511 698 562 intelliges,
727 515 823 554 mihi
850 512 959 565 igno-

215 573 394 613 scendum
417 572 502 619 efle,
522 585 622 610 nunc
640 570 848 612 haesitanti.
867 573 958 625 quia

170 663 171 667 ,
213 646 284 671 nec
299 640 341 670 tu
359 628 468 669 facile
489 630 697 676 inueneris,
719 627 824 682 quod
845 629 958 669 dicas.

214 689 355 728 haesito
377 696 518 732 autem,
539 686 629 738 quia
661 700 786 738 neque
806 686 957 740 poffum

216 746 341 784 dicere
364 744 522 799 probari
540 757 562 780 a
579 756 641 781 me
663 756 807 782 nouam
822 742 957 784 affini-

212 812 352 849 tatem,
380 814 479 854 quae
514 813 599 838 cum
639 799 854 839 accusatore
886 809 955 839 tuo

213 860 406 900 commeta
418 858 459 899 fit
469 872 480 902 3
494 871 563 895 nec
581 857 801 910 improbare
818 856 957 905 debeo,

213 931 264 956 ne
281 914 389 955 malis
411 915 605 954 ominibus
627 912 839 967 prosequar
871 928 956 953 eam

210 988 308 1020 rem,
337 985 451 1026 quam
482 980 524 1010 tu
558 984 713 1024 quoque
742 971 838 1011 mihi
865 985 955 1026 pro·

209 1030 317 1085 spere
337 1030 442 1084 cupis
472 1029 639 1067 euenire.

270 1102 370 1140 Eum
386 1112 423 1140 te
439 1096 504 1153 effe
521 1097 642 1151 finge,
669 1099 737 1152 qui
753 1095 838 1146 lima
868 1094 952 1154 ego]

212 1159 298 1199 Lib.
316 1169 357 1211 7.
386 1157 489 1210 epist.
511 1167 579 1207 23.
599 1155 691 1203 Fac,
715 1154 861 1212 quaqlb,
887 1155 956 1208 qui

211 1228 279 1273 ego
288 1216 393 1268 sitm,
417 1209 483 1267 effi‘
505 1223 554 1250 te.

270 1287 312 1326 Si
325 1283 450 1336 facile
474 1284 682 1334 inueneris]
739 1282 840 1322 Tibi
861 1282 954 1321 acci·

212 1341 288 1389 det,
307 1339 413 1394 quod
431 1354 531 1379 nunc
550 1339 660 1387 mihi,
684 1350 726 1379 vt
749 1353 827 1378 non
846 1341 953 1377 inue-

212 1401 310 1447 nias,
354 1396 461 1451 quod
488 1396 608 1436 „dicae
651 1398 705 1436 ita
750 1394 953 1446 intelliges,

211 1453 483 1506 ignoscendum
504 1467 604 1493 nunc
622 1452 694 1492 effe
716 1453 954 1492 haesitationi

213 1526 334 1553 meae.
367 1510 473 1564 quod
488 1512 515 1550 fi
533 1511 742 1559 inueneris,
771 1510 876 1564 quod
898 1509 952 1548 di-

213 1584 287 1618 cas,
308 1583 356 1608 ne
373 1567 535 1618 ignosce.

272 1638 532 1692 Haqfitationi
547 1635 670 1690 meae]
752 1639 853 1686 Qia
873 1651 954 1677 non

212 1696 365 1753 possum
390 1695 599 1749 explicare,
624 1704 752 1734 Vtrum
786 1693 953 1744 mallem,

209 1755 344 1806 factm,
375 1767 425 1792 an
445 1751 602 1792 infeffls
640 1765 724 1790 cum
753 1750 953 1791 Dolabella

213 1812 378 1865 nuptias·
425 1810 450 1848 si
494 1808 623 1856 saneim,
663 1807 764 1848 laedi
800 1809 955 1849 videtur

212 1870 378 1908 amicitia
397 1868 535 1914 nostra,
554 1880 639 1904 cum
654 1865 878 1905 accusatoris
897 1867 955 1905 tui

213 1925 436 1966 affinitatem
467 1923 649 1977 probem:
685 1924 710 1961 fi
738 1937 832 1962 vero
861 1922 956 1962 infe-

212 1985 307 2030 ἕως,
326 1995 406 2021 non
435 1981 640 2019 ominabor
671 1981 814 2033 optime
841 1980 888 2019 de
916 1981 956 2018 fi-

216 2039 292 2079 liae
318 2039 511 2086 coniugio.
550 2035 657 2090 quod
685 2051 770 2075 cum
801 2039 856 2075 ita
893 2037 955 2081 sit3

215 2109 382 2149 aequum
413 2096 476 2142 est,
507 2107 530 2132 a
566 2104 602 2132 te
631 2093 776 2142 ignosci
804 2094 956 2133 haesita-

216 2154 317 2194 tioni
340 2165 458 2191 meae.
485 2151 539 2189 fin
566 2149 675 2189 aliter
696 2149 830 2189 sentis:
858 2153 956 2200 finge

151 2212 159 2224 ⁸
216 2221 253 2249 te
279 2207 363 2255 effe,
382 2209 451 2261 qui
477 2221 548 2258 ego
577 2206 658 2247 sum
668 2223 681 2256 ;
729 2218 773 2248 tu
803 2221 959 2262 quoque

217 2267 431 2307 haesitabis.

271 2336 349 2378 Sed
367 2337 424 2376 ita
449 2333 632 2390 cecidgffi’]
677 2334 746 2374 Sed
778 2334 882 2389 quod
902 2336 956 2375 ita

220 2394 408 2441 ceciderit,
421 2404 462 2432 vt
479 2403 682 2441 agerentur
700 2407 746 2431 eo
769 2402 955 2446 tempore,

220 2467 304 2491 cum
323 2461 363 2489 tu
383 2464 467 2489 reus
479 2449 591 2494 esse83
620 2451 780 2488 omnino
800 2448 956 2489 felicita-

221 2518 294 2547 tem
310 2506 474 2559 aliquam
495 2516 530 2544 et
550 2505 672 2558 spero,
692 2518 728 2545 et
745 2517 860 2559 opto;
890 2522 953 2546 ve-

219 2574 431 2605 rumtamen
454 2577 539 2601 cum
559 2563 627 2600 hac
639 2562 702 2616 spe
729 2565 953 2602 coniunems

219 2620 332 2661 dolor
354 2622 417 2666 est,
436 2619 540 2671 quod
556 2621 638 2658 acha
656 2620 724 2658 sint
743 2634 790 2659 eo
809 2629 955 2673 tempo-

219 2692 284 2726 re,
312 2691 391 2730 quo
428 2689 497 2725 ego
538 2677 693 2714 minime
733 2675 952 2716 voluissem:

219 2748 334 2787 quem
351 2733 446 2771 mihi
463 2730 636 2770 dolorem
651 2733 790 2772 minuit
809 2732 952 2786 sapien-

218 2794 271 2831 tia
301 2801 337 2830 et
382 2789 592 2827 humanitas
631 2799 712 2827 tua:
757 2789 952 2842 sapientia,

219 2847 323 2901 quod
342 2861 427 2886 cum
445 2845 658 2899 perspicies,
678 2846 772 2885 hanc
785 2859 880 2893 rem,
891 2860 952 2885 me

419 177 646 216 PAVLLI
681 173 971 215 MANan
992 175 1528 229 'COMMENTARIVS
1568 163 1572 166 ’

1012 285 1208 336 insciente,
1233 302 1254 326 a
1272 288 1371 328 meis‘
1387 289 1459 329 effe
1472 288 1624 336 saetam,
1643 300 1756 342 prorae

1014 343 1074 383 sus
1094 346 1201 383 omni
1221 359 1282 383 me
1303 345 1409 399 culpa
1437 345 1675 385 liberandum
1695 347 1754 384 in·

1012 399 1182 450 telliges:
1211 401 1436 448 humanitas,
1464 403 1568 455 quod
1599 401 1696 441 nihil
1717 414 1756 443 te

1015 458 1146 497 durius
1165 457 1212 496 dc
1235 472 1296 497 me
1324 457 1500 512 suspicari
1528 470 1594 500 tua
1620 470 1759 500 natura

1014 525 1191 570 patietur.
1560 524 1565 525 ⁷
1692 535 1694 538 ’

1073 571 1354 624 Opportunitas
1388 575 1585 625 temporis]
1657 576 1753 614 Non

1016 631 1118 669 enim
1137 637 1360 681 opportuno
1379 637 1551 682 tempore
1570 630 1667 670 faeta
1692 645 1753 672 res

1015 688 1079 726 est.
1107 688 1251 737 itaque,
1266 694 1307 723 vt
1327 698 1407 723 rem
1437 685 1556 738 ipsam
1579 689 1754 740 probem,

1013 753 1164 797 tempus
1183 752 1306 780 tamen
1318 743 1481 794 probare
1500 757 1579 782 non
1591 744 1752 798 possum.

1070 815 1127 853 Ea
1142 811 1190 853 de
1208 812 1270 866 re]
1302 815 1358 851 De
1379 815 1531 866 nuptiis,

1071 872 1206 926 Neque
1242 883 1317 908 non
1357 884 1413 910 me
1449 882 1577 910 tamen
1605 871 1756 913 mordet

1009 924 1180 981 aliquid]
1208 925 1400 975 Qiddam
1424 937 1548 967 tamen
1567 929 1629 978 est,
1646 928 1758 982 quod

1010 983 1164 1024 moleste
1184 981 1317 1030 feram,
1335 984 1410 1023 hoc
1422 983 1612 1033 videlicet,
1635 986 1757 1039 quod,

1010 1055 1090 1094 quo
1117 1051 1291 1093 tempore
1311 1039 1515 1081 Dolabella
1539 1053 1642 1082 tuam
1658 1043 1756 1082 salu-

1012 1109 1089 1138 tem
1110 1098 1369 1151 oppugnabat,
1394 1113 1445 1138 eo
1469 1100 1511 1139 sit
1540 1114 1560 1138 a
1590 1102 1682 1139 meis
1715 1102 1754 1141 ei

1011 1154 1090 1195 filia
1108 1168 1192 1193 mea
1216 1155 1258 1193 in
1282 1156 1535 1195 'matrimonio
1555 1156 1753 1198 collocata.

1064 1227 1114 1266 In
1131 1240 1204 1281 quo
1229 1239 1344 1264 vnum
1372 1241 1508 1267 vereor
1540 1238 1649 1267 ERN.
1676 1243 1755 1269 non

1009 1282 1158 1336 vereat]
1204 1283 1249 1320 In
1275 1296 1354 1336 quo
1384 1297 1505 1323 vnum
1535 1295 1638 1324 certo
1663 1284 1754 1335 scio,

1010 1354 1091 1380 non
1111 1350 1148 1379 te
1165 1353 1299 1394 parum
1319 1341 1544 1394 perspicere,
1571 1353 1640 1381 etc.

1064 1409 1130 1452 Ab
1157 1412 1266 1461 aliis]
1297 1414 1328 1450 A
1362 1414 1419 1450 M.
1445 1411 1594 1452 Coelio.
1620 1413 1687 1454 lib.
1712 1421 1750 1464 8.

1009 1470 1112 1522 epist.
1124 1471 1162 1511 6.
1190 1478 1267 1508 tres
1287 1470 1436 1521 antiqui
1455 1468 1558 1518 libri,
1577 1471 1626 1510 ab
1647 1472 1768 1518 illim,

1008 1527 1193 1580 quinque,
1219 1524 1267 1564 ab
1288 1526 1389 1564 aliis.
1764 1520 1765 1523 ¹

1065 1583 1163 1622 Tam
1185 1583 1313 1638 longe]
1343 1585 1385 1620 In
1406 1585 1618 1636 prouincia.

1065 1637 1133 1679 Ad
1148 1653 1204 1678 me
1223 1653 1266 1677 ne
1286 1638 1493 1692 referrent]
1581 1641 1751 1682 Falsum:

1007 1709 1095 1735 nam
1118 1694 1248 1735 retulit
1263 1696 1310 1735 ad
1335 1711 1422 1736 eum
1443 1696 1610 1738 Coelius.
1633 1699 1698 1740 lib.
1715 1708 1752 1750 3.

1007 1767 1027 1793 e
1056 1754 1110 1792 ist.
1125 1755 1163 1795 6.

1029 1767 1052 1807 p
1065 1824 1161 1864 Rem
1186 1822 1409 1879 probcyfim]
1495 1827 1656 1875 Probari
1675 1843 1694 1867 a
1713 1829 1752 1870 se

1007 1895 1090 1922 rem
1120 1880 1294 1928 ostendit,
1326 1895 1373 1920 ne
1415 1880 1512 1921 male
1545 1887 1752 1928 ominetur.

1010 1939 1204 1993 proxime:
1233 1952 1349 1993 neque
1366 1940 1464 1978 enim
1484 1942 1632 1993 mstius
1650 1943 1753 1985 dice-

1010 2011 1051 2035 re
1070 1996 1279 2049 quidquam
1297 1993 1408 2035 debeo
1425 2009 1469 2034 ea
1491 1995 1538 2036 de
1559 2014 1606 2045 re,
1634 2015 1750 2060 quam

1009 2064 1054 2093 tu
1074 2049 1153 2105 ipfi‘
1172 2051 1360 2093 ominibus
1380 2055 1531 2105 optimas
1553 2058 1751 2114 proseque.

1010 2123 1076 2149 νυ.

1064 2165 1127 2204 De
1153 2166 1329 2216 tempore]
1408 2169 1545 2204 Vtrum
1588 2167 1748 2208 affinitas

1013 2236 1098 2261 cum
1120 2220 1338 2269 Dolabella,
1373 2235 1450 2273 quo
1475 2233 1648 2276 tempore
1677 2229 1753 2280 Ap-

1012 2281 1118 2333 pium
1138 2277 1343 2326 accusabat,
1367 2278 1569 2328 iungenda,
1591 2295 1639 2320 an
1666 2285 1751 2335 post·

1011 2338 1154 2375 exitum
1174 2334 1305 2375 iudicii
1333 2337 1560 2385 reiicienda;
1589 2353 1637 2378 ne
1655 2339 1751 2392 quid

1011 2395 1137 2446 Appio
1156 2394 1236 2431 eius
1260 2394 1426 2441 coniugii
1449 2392 1560 2441 fama,
1591 2406 1752 2449 propter

1009 2452 1288 2497 auetoritatem,
1304 2461 1341 2488 et
1361 2452 1517 2498 gratiam
1536 2454 1751 2502 Ciceronis,

1008 2505 1109 2561 apud
1126 2506 1268 2545 iudices
1299 2517 1466 2546 noceret.

1066 2563 1340 2617 Laborantem]
1425 2566 1521 2602 Cum
1538 2577 1625 2603 nonv
1638 2564 1753 2605 facile

1008 2623 1184 2673 reperiat,
1205 2619 1307 2673 quod
1329 2619 1426 2659 dicat
1444 2623 1484 2659 in
1505 2636 1546 2660 ea
1568 2636 1622 2668 re,
1634 2636 1750 2674 quam

1008 2691 1134 2728 neque
1153 2678 1371 2730 improbare
1393 2676 1484 2726 vult,
1503 2693 1550 2716 ne
1570 2677 1668 2717 filiae
1679 2693 1749 2717 nu-

1007 2736 1105 2787 ptias
1127 2737 1256 2773 omine
1274 2747 1407 2786 parum
1425 2733 1524 2774 laeto
1542 2735 1749 2788 prosequa-

1006 2801 1091 2838 tur,
1121 2804 1244 2843 neque
1285 2792 1502 2843 improbare
1540 2791 1667 2839 audet,
1695 2806 1748 2831 ne

1005 2850 1183 2904 Appium·
1191 2846 1371 2888 offendat.
1398 2847 1503 2899 ideo,
1522 2848 1558 2889 se
1569 2849 1750 2890 haesitare

1667 2919 1746 2949 lam
