1863 3172
291 113 363 157 IN
389 113 502 157 Cle.
526 108 721 155 EPIST.
747 108 884 152 FAM.
919 106 1035 149 LIB.
1056 105 1087 145 1.
1124 103 1316 146 ems’r.
1338 104 1370 146 1.

98 225 364 287 Qut‘dcatqffite
385 228 448 283 est,
460 230 553 286 quin
573 228 659 270 ht'nc
677 228 718 267 t'n
726 225 784 280 pe·-

141 286 187 341 st
188 301 210 323 r
211 288 317 326 inum
330 287 436 328 reHa
454 286 673 340 proficiscar
689 285 756 326 via
766 282 786 321 ‚²

101 355 224 398 Nihil
252 357 303 411 ast
333 359 441 411 preci
474 358 546 398 loci
583 353 787 406 ulmum,-

156 417 234 454 iam
258 414 487 468 perturbant*
516 414 653 454 omnia.

43 501 190 541 Locum
221 501 339 550 igitur
367 501 542 554 precibus
577 498 639 538 vel
665 496 788 538 aliena

46 557 274 605 humanum,
315 556 376 598 vel
406 559 531 597 nostra
559 555 693 596 adimit
721 557 790 595 im-

50 616 234 670 probitas.
480 607 492 645 l

106 672 152 711 In
168 672 342 722 sermone
375 670 618 727 quotidiano]
674 668 791 707 Varie

50 726 224 781 loquitur
244 730 283 766 in
302 729 369 766 hac
386 726 590 766 sententia:
620 739 707 765 nam
718 725 794 772 hic,

51 788 93 826 in
101 785 276 834 [Brutone
294 783 526 839 quotidiano,
549 783 659 823 dicit:
692 782 794 836 epist.

53 855 92 896 9.
125 844 166 882 in
177 840 417 892 sermonibus
435 840 643 881 diffitare:
670 840 712 879 in
737 852 796 878 ea·

55 901 156 947 dem,
177 899 355 938 dietim-e
385 896 612 952 simpliciter.

115 962 162 1001 In
169 961 332 1012 finam]
372 961 457 998 Hoc
493 970 665 1014 tempore
691 959 800 996 Pom-

58 1020 165 1074 peius
188 1027 268 1056 erat
291 1031 375 1056 cum
396 1019 574 1071 imperiO,
604 1015 800 1071 superiore

58 1090 161 1116 anno
189 1077 246 1114 rei
271 1073 556 1121 frumentariae,
588 1084 625 1114 et
654 1073 802 1114 senatus

61 1131 233 1174 consulto
265 1142 300 1171 et
328 1130 409 1181 lege
446 1132 691 1185 praepositus.
737 1129 806 1181 qui

60 1202 186 1230 autem
208 1204 292 1228 cum
311 1191 475 1242 imperio
510 1187 640 1236 essent,
667 1190 714 1227 iis
745 1199 806 1225 vr-

61 1249 164 1294 bem,
185 1247 251 1285 nili
271 1247 438 1300 deposito
458 1247 637 1300 imperit),
656 1241 807 1294 ingredi

64 1320 144 1345 non
162 1302 319 1351 licuisse²
337 1314 473 1343 notum
495 1304 556 1343 cst.
585 1301 809 1357 petiiss‘eigi·

65 1374 129 1404 tur
166 1375 186 1400 a
211 1360 339 1399 senatu
370 1361 594 1414 Pompeium
627 1360 811 1398 existime-

67 1433 166 1465 mus,
182 1431 222 1458 vt
241 1419 404 1457 introire
421 1419 462 1456 in
474 1418 622 1465 vrbem,
637 1415 749 1455 saluis
761 1413 811 1454 le-

68 1478 192 1527 gibus,
224 1473 355 1528 possct.
396 1474 499 1528 quod
531 1475 644 1514 etiam
671 1474 813 1528 postea,

70 1533 205 1574 iisdem
226 1530 455 1579 consulibus,
478 1541 520 1572 vt
539 1530 749 1571 accusatum
767 1528 814 1568 de

71 1593 112 1631 vi
135 1592 171 1628 P.
193 1590 359 1628 Sextium
379 1587 563 1636 laudaret,
581 1589 815 1643 impetrauit.

72 1648 177 1702 epist.
196 1658 234 1699 9.

131 1704 223 1767 Egn
243 1699 406 1757 canffitm
423 1705 553 1753 tuam]
610 1702 709 1740 Cum
729 1701 817 1740 hor-

75 1771 222 1804 taretur
249 1759 440 1807 senatum,
483 1769 525 1800 vt
554 1758 820 1800 reductionem

78 1820 175 1868 regis
199 1818 271 1857 tibi
292 1812 549 1856 demandaret.

137 1875 377 1930 Eloquentia,
415 1876 642 1930 grauitate,
669 1871 822 1927 studio,

81 1933 338 1981 contentione]
381 1932 623 1985 Eloquentia,
649 1933 823 1972 vbertate

81 2000 120 2030 et
150 1987 335 2038 elegantia
368 1989 577 2031 orationis3
606 1991 827 2043 grauitate,

84 2046 352 2087 sententiarum
373 2045 544 2099 pondere
556 2060 566 2089 3
577 2044 727 2099 studio,
739 2059 827 2100 pro·

1524 114 1581 156 25

840 219 985 267 derem,
1002 220 1106 260 mira
1123 219 1312 261 contentio
1339 215 1392 274 est
1417 215 1584 268 consecu-

841 289 894 319 ta.
924 278 1008 317 Lib.
1020 287 1060 330 7.
1080 276 1183 329 epist.
1198 286 1235 316 2.
1292 276 1338 315 ln
1358 275 1497 327 primis
1525 285 1585 312 me

842 333 1080 381 deleflaut't,
1106 342 1257 372 tontum
1275 329 1450 384 studium
1477 329 1585 371 bono·

842 404 931 431 rtem
951 392 993 430 in
1013 403 1070 429 me
1097 386 1273 443 egstitt'ffi’
1301 399 1437 429 contra
1465 388 1588 432 incre·

841 447 997 488 dibilem
1021 446 1297 486 contentionem
1317 443 1514 501 clarffmt‘
1546 453 1587 486 et

839 501 1087 560 potetttt'ffimt'
1106 502 1199 542 viri.

905 590 1076 630 Tuorum
1093 587 1134 626 in
1146 583 1192 639 se
1212 583 1439 640 officiorum]
1473 584 1597 643 de

847 661 933 689 eum
956 644 1114 700 ornqsti,
1132 642 1227 682 dixit
1256 643 1295 680 in
1321 653 1488 682 extrema
1512 642 1593 683 fere

849 702 1017 759 epistola.
1045 701 1295 758 praestantem
1315 701 1429 739 etiam
1439 697 1596 740 Lentuli

852 765 892 802 in
920 760 1146 813 Pompeium
1177 754 1445 797 liberalitatem
1472 757 1597 795 nomi·

853 829 918 859 nat
952 818 1055 872 epist.
1078 828 1120 870 7.
1156 816 1363 854 maximum
1398 822 1526 853 autem
1555 814 1598 851 in

853 876 1079 929 Pompeium
1106 871 1275 912 officium
1302 869 1399 920 fuit,
1433 870 1597 925 potesta·

854 935 912 974 rei
941 931 1227 977 frumentariae,
1269 942 1339 982 per
1385 930 1600 982 quinquen·

857 993 966 1031 nium
986 990 1023 1028 ci
1043 998 1128 1029 toto
1156 987 1251 1026 orbe
1280 997 1468 1026 terrarum
1502 982 1602 1024 data.

857 1046 964 1103 quod
995 1042 1203 1097 Lentulum
1233 1041 1426 1082 consulem
1442 1042 1615 1097 ‘praeci-¹

859 1119 935 1160 pue
955 1101 1109 1150 curasse,
1128 1099 1346 1140 Plutarchus
1365 1101 1406 1140 in
1419 1100 1604 1153 Pompeio

861 1163 1054 1212 fignificat.
1086 1171 1331 1213 quamquam,
1352 1167 1394 1197 vt
1412 1155 1516 1196 idern
1529 1166 1604 1196 tra-

863 1219 933 1267 dit,
960 1216 1121 1270 suspicio
1149 1215 1290 1262 fuerit,
1333 1214 1374 1254 id
1398 1211 1606 1254 Lentulum

867 1273 1057 1331 speciale,
1077 1284 1120 1314 vt
1148 1273 1331 1326 Pompeio
1356 1270 1608 1312 fnunentaria

868 1334 1064 1374 curatione
1110 1327 1321 1384 implicito,
1366 1327 1445 1382 ipse
1468 1325 1609 1382 ¹Ptole·

867 1403 1019 1431 maeum
1038 1385 1249 1427 reduceret.

926 1473 1224 1528 Marcellinum]
1270 1478 1341 1515 Cn.
1386 1474 1616 1516 Cornelium
1676 1468 1685 1472 ⁵

868 1533 1077 1578 Lentulum
1103 1530 1393 1580 Marcellinum,
1421 1531 1616 1572 consulem
1663 1549 1670 1553 *

871 1596 945 1634 hoc
966 1605 1069 1632 anno
1091 1604 1177 1630 cum
1199 1592 1242 1630 L.
1265 1591 1414 1630 Marcio
1426 1588 1620 1644 Philippo.

871 1652 999 1696 Syriae
1056 1648 1139 1702 post
1187 1656 1406 1701 praeturam
1455 1657 1618 1700 vterque

873 1705 1112 1763 praefuerat,
1143 1702 1339 1758 Philippus
1378 1703 1539 1745 Caesare
1580 1713 1619 1744 et

874 1762 1015 1806 Bibulo
1043 1759 1130 1802 coff.
1161 1759 1405 1800 Marcellinus
1432 1775 1538 1801 anno
1568 1759 1620 1800 se-

877 1822 1024 1874 quenti,
1043 1819 1210 1858 Gabinio
1232 1829 1270 1858 et
1289 1816 1433 1858 Pisone.
1482 1820 1622 1873 Appia-

878 1893 950 1919 nus
980 1879 1022 1916 in
1050 1877 1226 1922 Syriaco,
1256 1874 1439 1929 Iosephus
1467 1873 1533 1916 lib.
1561 1886 1623 1928 14.

881 1935 1010 1987 Antiq.
1057 1935 1114 1972 De
1151 1933 1225 1972 hoc
1269 1933 1407 1974 Cicero
1437 1934 1478 1971 in
1503 1933 1626 1973 Bruto

883 2008 913 2031 c.
929 2004 999 2046 70.
1027 1990 1093 2029 fic:
1146 1989 1229 2030 Nec
1262 2003 1442 2045 vmquam
1468 1990 1552 2029 indi
1570 2002 1628 2029 er·
1691 2039 1695 2043 .

884 2061 958 2095 tus,
979 2057 1017 2087 et
1038 2048 1079 2086 in
1098 2046 1296 2098 consulatu
1309 2047 1556 2102 pereloquens
1573 2046 1630 2086 υἱ-

86 2102 199 2159 pensa
221 2105 260 2142 in
286 2101 490 2142 Lentulum
508 2101 729 2146 voluntatet
747 2118 830 2144 con·
875 2107 948 2158 sus
965 2103 1028 2158 est,
1045 2117 1120 2143 non
1137 2103 1278 2143 tardus
1293 2103 1527 2153 sententiis,
1552 2115 1630 2146 note

84 2163 275 2208 tentione,
307 2173 381 2212 ope
421 2158 577 2198 summa.
613 2158 696 2213 plus
727 2162 830 2201 enim
888 2166 994 2214 inops
1017 2160 1157 2207 verbis,
1185 2173 1274 2200 voce
1300 2172 1454 2207 canora,
1472 2159 1632 2212 facetus

89 2219 141 2258 est
161 2219 359 2263 contentio,
377 2214 688 2272 quamstttdiunt.
729 2232 832 2265 nam,

91 2276 159 2328 qui
171 2273 322 2326 studet,
363 2275 487 2326 cupit:
526 2275 593 2327 qui
619 2273 836 2323 contendit,

92 2334 134 2370 in
155 2345 215 2377 eo,
237 2329 342 2382 quod
372 2332 487 2383 cupit,
516 2329 682 2370 intendit
702 2344 836 2372 omnes

94 2401 236 2428 neruos
250 2385 352 2439 quod
363 2389 553 2437 integrum
564 2386 690 2441 posuit
701 2385 793 2431 lib.1
803 2402 841 2441 ς.

98 2447 200 2498 epist.
222 2454 282 2496 14.
310 2444 448 2484 Omnes
467 2455 551 2484 tuos
573 2459 708 2484 neruos
735 2448 776 2486 in
798 2460 839 2485 eo

99 2502 322 2547 contendas,
352 2514 397 2539 ne
422 2500 521 2556 quid
544 2500 636 2540 mihi
671 2503 725 2540 ad
745 2502 842 2542 hanc

95 2559 337 2613 prouinciam
387 2559 568 2610 temporis
597 2569 839 2614 prorogetur.

102 2613 197 2654 Inde
238 2616 448 2659 contentio,
485 2615 688 2654 vehemens
727 2616 842 2655 aetio.

104 2671 229 2711 infra:
259 2670 424 2718 Libonis,
444 2681 482 2710 et
507 2672 667 2724 Hypfiret'
694 2686 767 2712 non
784 2670 843 2710 oh-

96 2727 220 2780 fiura
265 2728 521 2775 concursatio,
572 2741 611 2768 et
643 2729 845 2769 contentio.

109 2786 220 2839 Epist.
239 2796 278 2838 9.
301 2784 491 2834 Caesaris,
515 2797 559 2825 vt
588 2784 697 2826 illum
717 2783 846 2837 defen-

883 2219 997 2275 satis.
1035 2214 1292 2259 Marcellinus,
1311 2229 1523 2266 cognomen
1541 2229 1631 2266 gen-

891 2278 939 2315 tis
962 2271 1171 2315 Corneliae
1186 2286 1266 2311 non
1284 2273 1348 2321 est,
1379 2270 1442 2313 sed
1472 2274 1520 2313 ab
1541 2272 1634 2312 ado·

891 2333 1026 2387 ptione
1047 2329 1274 2370 deriuatum.
1301 2330 1368 2382 qui
1390 2331 1493 2370 enim
1522 2328 1636 2370 Clau·

893 2390 1029 2429 dianus
1047 2385 1231 2440 appellari
1250 2385 1405 2431 debuit3
1438 2401 1524 2426 cum
1544 2385 1635 2426 esset

896 2460 941 2486 ex
958 2442 1127 2483 Claudiis
1144 2441 1360 2486 Marcellin
1388 2442 1636 2484 Marcellinus

896 2503 1040 2557 potius·‚
1062 2514 1176 2554 quam
1195 2499 1443 2549 Claudianus,
1472 2499 1639 2556 appella·

895 2561 930 2598 ri
959 2555 1105 2597 voluit:
1145 2567 1264 2610 puto,
1292 2571 1341 2596 ne
1369 2557 1567 2598 videretur
1593 2569 1641 2600 ex

896 2612 1081 2662 Pulchris,
1126 2624 1192 2653 aut
1238 2615 1463 2655 Neronibus
1508 2612 1643 2658 fuifl‘e3

900 2685 998 2725 quae
1034 2672 1260 2720 cognomina
1300 2668 1482 2712 Claudiae
1518 2671 1641 2720 gentis

902 2738 1022 2774 erant,
1055 2729 1257 2781 patriciae:
1301 2727 1474 2769 Marcelli
1501 2739 1644 2776 autem,

903 2783 1086 2840 plebeiae,
1133 2786 1334 2824 confirmat
1367 2786 1464 2829 hanc
1493 2785 1645 2839 opinio-

957 2843 1039 2894 Βς
1558 2853 1646 2879 nem
