1863 3172
201 93 288 141 480

411 86 645 127 PAVLLI
686 84 982 126 MANVTII
1022 84 1560 127 *COMMENTARIVS

718 195 1242 237 EXPLANATIO.
1276 218 1285 224 ‹

216 290 341 376 qilit]
394 288 450 329 Ad
491 303 606 343 quem
643 285 951 341 sunt'epistolae

202 356 225 380 k
278 349 344 388 lib.
369 359 428 399 13.

259 417 514 472 Spmgfionem]
572 418 635 455 Ne
651 416 747 455 boni
769 416 846 455 viri
873 413 951 454 liti·

202 479 280 518 bus·
294 476 440 514 iniustis
458 487 530 526 pro
560 471 684 510 aliena
704 472 867 510 libidine
889 486 950 511 ve-

198 543 405 574 -xarentur3
435 531 643 577 cogebatur
664 541 700 569 et
723 531 768 575 is,
804 531 871 581 qui
902 528 949 566 de

202 590 334 642 aliqua
377 601 434 633 re,
474 598 668 638 tamquam
701 587 769 625 fibi
808 586 948 632 debita,

201 647 314 687 verbi
334 646 468 693 gratia,
499 642 546 682 de
580 643 812 690 hereditate,
841 641 950 681 litem

201 703 440 748 intenderet,
476 712 514 739 et
534 701 579 748 is,
608 702 675 752 qui
705 701 948 745 infitiaretur,

202 762 444 816 promittere,
473 756 508 796 se
531 757 722 803 daturum,
758 756 825 794 nifi
852 755 948 794 iudi·

202 822 264 859 cio
286 819 469 861 vinceret,
499 825 638 854 certam
663 815 864 867 pecuniam
888 811 950 851 ad-

201 874 392 917 versario:
422 882 476 918 vt,
495 885 542 910 eo
573 884 677 910 metu
708 871 865 916 iniecto,
894 884 951 908 re-

203 935 435 988 primeretur
470 927 646 977 litigandi
690 926 826 966 libido.
857 927 950 965 haec

201 992 303 1030 afflo
330 984 712 1038 vocabaturspmzfio:
735 986 824 1036 quia
835 985 949 1036 spon-

202 1048 292 1089 dere
312 1046 362 1083 est
381 1044 620 1097 promittere.
706 1041 836 1080 Simile
855 1051 948 1087 erat,

205 1119 283 1145 non
305 1113 431 1141 tamen
459 1099 572 1146 idem,
592 1099 841 1149 fizcramento
868 1113 948 1138 con-

201 1159 372 1203 tendere.
426 1171 514 1195 nam
557 1157 714 1209 pecunia
754 1157 948 1208 Vtrimque

203 1215 470 1272 deponebatur
490 1214 590 1267 apud
616 1213 856 1265 pontificem:
906 1223 948 1252 vt

203 1279 250 1323 is,
269 1275 337 1327 qui
355 1270 474 1311 caussa
499 1267 699 1316 cecidiffet,
719 1268 864 1322 duplici
886 1269 949 1307 da·

202 1346 296 1372 mno
326 1329 562 1374 afficeretur,
583 1329 770 1381 'primum
796 1326 948 1366 amiss'ae

204 1390 296 1436 licis,
336 1386 474 1426 deinde
502 1385 686 1439 pecuniae
716 1382 795 1423 litis
827 1384 947 1424 caussa

203 1446 404 1500 depositae.
428 1444 495 1496 qui
522 1444 679 1489 vicerat,
705 1440 807 1480 suam
835 1456 948 1495 pecu-

199 1507 306 1545 niam
333 1500 550 1541 auferebat:
594 1500 687 1538 vieii
718 1500 880 1551 pecunia
907 1501 949 1538 in

202 1563 317 1602 rebus
344 1559 483 1597 diuinis
513 1555 818 1595 consumebatur.
903 1559 947 1604 In

202 1619 404 1673 sponsione
439 1612 609 1653 similiter
641 1615 804 1666 pecunia
834 1613 951 1667 depo-

203 1677 388 1716 nebatur:
420 1671 482 1710 sed
502 1672 623 1709 exitus
645 1685 726 1709 non
748 1670 860 1717 idem,
882 1672 951 1724 qui

203 1736 248 1773 in
270 1731 517 1775 sacramento,
539 1738 628 1767 erat.
643 1742 743 1775 nam,
757 1731 825 1783 qui
839 1727 949 1782 spon-

197 1792 306 1830 sione
327 1789 481 1832 vicerat,
512 1799 593 1824 non
622 1784 740 1824 modo
771 1783 858 1832 sua,
887 1783 949 1824 sed

201 1845 411 1886 aduersarii
446 1856 602 1896 quoque
631 1844 793 1895 pecunia
827 1845 951 1896 potie-

199 1906 328 1945 batur.
355 1903 397 1940 in
426 1899 656 1939 sacramento
687 1910 815 1938 autem
843 1899 948 1938 suam

202 1970 351 2002 tantum
369 1959 569 2013 pecuniam
589 1957 715 1995 vicior
729 1956 947 1997 auferebat:

200 2019 296 2059 vieti
337 2014 487 2056 redibat
515 2014 562 2052 ad
588 2015 793 2061 aerarium,
822 2024 864 2053 vt
893 2016 948 2053 ait

200 2081 353 2118 Varro„
398 2071 470 2111 Sed
497 2071 542 2111 de
571 2070 803 2111 sacramento
831 2069 946 2123 infra,

203 2136 244 2173 in
275 2132 458 2185 epist.32.

261 2200 396 2253 Illam]
427 2203 536 2249 Qtae
565 2198 757 2253 sequitur:
771 2199 825 2253 si
840 2199 941 2242 bono-

202 2275 292 2302 rum
316 2259 526 2310 Turpiliae,
545 2268 616 2297 etc.

218 2383 221 2385 -
264 2328 361 2381 Nos]
390 2327 535 2367 Silium.
623 2328 707 2367 Nos
726 2327 831 2376 dicit,
855 2338 948 2368 tam-

203 2402 320 2442 quam
342 2387 516 2435 ageretur
543 2384 590 2423 de
617 2385 680 2424 sua
700 2399 754 2424 re.

232 2473 234 2475 ’
259 2460 346 2498 Sine
363 2457 550 2509 periculo]
637 2455 752 2504 Qod
779 2457 879 2495 enim
900 2458 946 2504 is,

204 2517 272 2569 qui
294 2513 398 2552 litem
417 2512 545 2560 infert,
565 2514 723 2566 probari
739 2527 760 2552 a
786 2513 822 2552 se
843 2512 946 2566 poffe

204 2583 326 2627 putat,
346 2569 386 2609 id
406 2571 446 2607 in
475 2569 672 2622 sponsione
704 2573 945 2623 pronunciat.

202 2631 334 2680 itaque
371 2626 593 2673 videndum,
631 2627 770 2681 quibus
818 2629 945 2667 verbis

162 2715 168 2718 -
198 2684 444 2741 >sponsionem
464 2682 586 2723 faciat.

263 2755 322 2796 Ni
342 2762 455 2794 ERN.
484 2754 525 2793 Si
543 2753 727 2794 bonorum
746 2752 946 2809 Turpiliae

1003 282 1252 338 pqffi’ffionem
1279 285 1338 341 ‚Q
1358 285 1492 337 Caepio
1517 297 1677 338 praetor
1705 300 1755 328 ex
1778 302 1786 311 ¹
1816 276 1823 330 ,⁴

1009 342 1128 381 edieta
1143 342 1219 390 suo
1249 344 1343 380 mzhi
1368 340 1535 394 dederit]
1594 344 1757 384 Heredi-

1008 409 1125 437 tatem
1146 398 1213 436 fibi
1241 411 1262 435 a
1283 396 1470 449 Turpilia
1503 397 1675 439 relictam
1701 403 1756 440 Si-

1008 453 1082 493 lius
1102 467 1147 492 ex
1178 453 1303 494 edffiro
1336 457 1525 506 praetoris
1548 469 1754 511 acceperat.

1007 521 1164 550 vocatus
1202 511 1244 548 in
1281 511 1469 549 iudicium
1507 525 1530 549 a
1563 515 1754 568 Turpilio

1006 569 1253 621 propinquo,
1301 566 1460 606 eandem
1504 569 1755 613 hereditatem

1006 636 1225 677 repetente,
1263 626 1354 676 quia
1383 624 1585 677 Turpiliae
1622 627 1756 670 facitio.

1006 696 1094 719 nem
1114 684 1325 720 testamenti
1336 680 1445 721 fuiffe
1464 694 1632 731 negaret,
1647 685 1756 740 spon.

1006 740 1147 777 sionem
1172 738 1300 779 facere
1335 740 1560 787 cogebatur:
1602 742 1648 780 de
1679 757 1755 795 qua

1006 794 1197 835 consuluit
1236 797 1477 849 peritissimos
1507 799 1756 841 iurisconsul-

1005 862 1078 900 tos,
1105 854 1182 892 Ser.
1221 852 1452 905 Sulpicium,
1494 865 1530 893 et
1573 855 1755 900 Ofilium:

1007 920 1056 955 et,
1088 924 1172 948 cum
1208 911 1385 950 Trebatii
1419 925 1576 965 quoque
1606 913 1753 955 senten·

1006 969 1098 1005 tiam
1133 966 1226 1006 scire
1253 966 1381 1015 vellet,
1404 970 1604 1009 Ciceronis
1634 986 1753 1026 opera

1004 1023 1089 1062 vsus
1112 1026 1174 1062 est.
1250 1024 1412 1065 Videtur
1433 1037 1562 1065 autem
1589 1042 1675 1082 pro,
1701 1031 1753 1082 st,

1005 1079 1207 1130 legen-dum
1228 1083 1293 1120 ni:
1321 1093 1362 1121 vt
1382 1084 1434 1121 ita
1465 1082 1671 1136 sponderet
1700 1091 1754 1128 Si·

1006 1136 1100 1176 lius:
1124 1141 1164 1176 ni
1182 1140 1377 1179 bonorum
1387 1140 1594 1194 Turpiliae
1616 1144 1751 1197 posses-

1005 1197 1147 1234 fionem
1165 1199 1228 1244 x(Q
1245 1198 1391 1250 Caepio
1417 1209 1575 1251 praetor
1607 1214 1652 1240 ex
1675 1202 1753 1242 edi·
1814 1204 1817 1209 '

1005 1254 1067 1291 &o
1099 1251 1166 1291 suo
1194 1253 1290 1292 mihi
1331 1255 1448 1302 dedit,
1486 1255 1657 1309 spondeo
1689 1274 1751 1301 me
1786 1284 1796 1287 -

1004 1309 1182 1348 daturum
1214 1311 1434 1352 aduersario
1464 1323 1611 1353 tantum
1641 1330 1753 1369 pecu-

1005 1368 1103 1414 niae,
1124 1379 1309 1420 quantum
1329 1372 1370 1408 in
1390 1370 1651 1424 sponsionibus
1662 1388 1752 1428 pro-

1005 1426 1105 1463 mitti
1120 1423 1224 1464 solet.
1263 1425 1448 1480 Reliquae
1463 1442 1620 1482 quoque
1641 1430 1753 1484 spon-

1006 1483 1126 1520 siones
1149 1482 1284 1522 eodem
1303 1485 1420 1524 modo
1438 1487 1686 1538 incipiebant,
1708 1499 1751 1529 vt

1005 1537 1072 1577 illa
1096 1541 1136 1578 in
1158 1553 1255 1579 orat.
1273 1543 1314 1580 in
1333 1542 1454 1582 Pison.
1487 1553 1596 1596 c.23.
1654 1548 1751 1595 Cum

1008 1610 1069 1649 ego
1112 1597 1397 1640 Coelimontana
1429 1612 1545 1653 porta
1579 1602 1747 1658 iqtroiffi

1004 1651 1190 1707 dixg'ffi’m,
1208 1656 1410 1707 spmffone
1435 1671 1514 1704 me,
1547 1651 1600 1696 ni'
1616 1652 1749 1716 Efq'ui·

1006 1710 1114 1750 liana
1149 1711 1344 1767 intreg'ffi’t,
1385 1715 1489 1753 homo
1521 1717 1748 1770 promptlffi-

1006 1782 1090 1807 mus
1109 1767 1301 1821 lacessunt.
1384 1774 1429 1811 Et
1457 1770 1522 1811 lib.
1535 1783 1583 1821 3*
1598 1774 1639 1811 in
1659 1779 1748 1815 Ver.

1006 1838 1035 1862 c.
1052 1836 1115 1878 57.
1157 1826 1273 1882 ‚Qgtid
1282 1830 1302 1866 ?
1338 1842 1422 1868 cum
1436 1832 1567 1881 palam
1587 1831 1747 1883 Syracu-

990 1881 1067 1933 fis,
1088 1894 1123 1921 te
1140 1883 1342 1929 audiente,
1367 1889 1534 1926 maximo
1562 1884 1749 1930 conuentu

1007 1940 1050 1978 P.
1072 1938 1242 1980 Rubrius
1269 1943 1325 1999 Q
1344 1945 1562 1996 Apronium
1577 1945 1677 1997 spon
1695 1963 1749 1988 zo-

1004 2010 1051 2034 ne
1071 1996 1276 2047 laceffiuit,
1306 2011 1357 2037 m
1390 2011 1640 2041 APRONIVS
1674 2015 1748 2043 DI-

1007 2063 1273 2094 CTITARET
1289 2086 1302 2104 ,
1343 2068 1405 2096 ΤΕ
1449 2068 1540 2098 SIBI
1579 2070 1635 2097 IN
1667 2072 1747 2100 DE-

1007 2120 1159 2150 cvxms
1193 2123 1300 2152 ESSE
1330 2124 1537 2154 soC1VM.
1577 2118 1621 2155 Et
1639 2116 1744 2158 alibi.

1057 2196 1251 2249 Seruium]
1293 2198 1513 2253 Sulpicium,
1532 2204 1745 2258 principem

1002 2254 1370 2305 iurisconsultorum,
1399 2271 1441 2299 vt
1465 2262 1519 2300 ait
1545 2262 1681 2302 Cicero
1702 2265 1745 2303 in

1003 2314 1122 2351 Bruto
1142 2323 1251 2363 c.41.

1062 2381 1297 2438 Ilislitug'ffi’t]
1335 2382 1499 2425 Feciffet.

1060 2453 1276 2494 Fac'lionem
1295 2455 1527 2508 testamenti]

1005 2509 1129 2549 ciendi
1146 2513 1367 2550 testamenti.
1441 2516 1498 2552 Ita
1524 2514 1672 2557 locutus
1699 2522 1742 2559 in

1004 2569 1164 2619 Topicis
1247 2583 1277 2607 c.
1312 2580 1368 2609 [ι.
1417 2580 1454 2608 et
1513 2575 1741 2626 Papinianus

1003 2626 1046 2663 L.
1064 2636 1096 2676 3.
1145 2627 1190 2663 D.
1246 2626 1312 2677 qui
1348 2628 1487 2667 testam.
1536 2629 1604 2670 fac.
1644 2633 1739 2686 poff.

1010 2682 1238 2735 Rflamenti
1252 2682 1389 2733 fafi‘io,
1410 2686 1549 2737 inquit,
1567 2702 1641 2728 non
1656 2693 1741 2743 pri·

1001 2740 1099 2785 vati,
1107 2737 1186 2789 sed
1196 2738 1344 2792 publici
1372 2743 1472 2783 iuris
1486 2743 1550 2796 est.

1567 2809 1740 2872 Ofilium]

1607 2460 1670 2499 Ius
1689 2460 1743 2502 fa-

1832 1404 1855 1484 ng*
1834 1199 1856 1399 'mium-ra
1841 1146 1845 1150 v
1833 1039 1854 1114 ;

1821 2628 1832 2641 ⁸
1850 2631 1856 2645 k

1837 2655 1856 2668 ψ

1830 2838 1855 2899 νέ

1823 2951 1842 2977 ’τ

1832 2982 1839 2994 Ι

1829 2104 1863 2138 ⁴1
1821 1800 1863 2073 5:44334—4222-
1843 1725 1856 1766 .·
1862 1633 1863 1676 Ἡ
