1863 3172
218 126 314 185 254&

274 230 413 271 Meum
446 233 662 287 confilium]

219 286 412 336 agendum·
431 289 485 330 fit.
855 331 858 335 .

274 343 536 398 Ausim-itate]
595 349 655 388 Ob
684 348 852 390 honores
884 365 961 391 ma-

216 411 289 447 gna
312 414 397 439 cum
422 400 534 442 laude
563 404 852 447 administrate&
881 409 958 459 ges-

216 454 313 495 serat
330 467 456 497 autem
479 459 661 514 Sulpicius
685 463 843 505 biennio
860 477 958 506 ante

216 526 301 551 cum
320 516 374 553 M.
395 511 578 557 Ma‘rcello
597 516 843 562 consulatum.
917 531 919 534 ’

270 570 385 627 ‚Quid
399 573 729 630 reHiffi'vmmdfft]
815 579 956 620 Eadem

213 623 398 673 sententia
425 627 491 671 lib.
521 645 554 685 5.
582 632 773 687 epist.·19.
819 637 954 677 iisdem

211 681 294 723 fere
314 686 463 727 verbis:
492 690 606 746 ,Quid
624 690 857 745 refhwfik,
890 707 955 746 ap-

205 751 347 792 paret:
356 743 451 798 quid
462 745 656 798 expediat,
676 747 872 799 obfiurum
889 751 952 806 est.

270 812 364 852 Non
375 816 496 869 potest
515 815 575 870 eff}
593 817 768 871 dubium]
810 822 892 861 Lib.
916 832 950 875 ς.

211 869 315 922 epist.
342 883 404 925 19.
436 873 543 922 dixit,
573 873 749 916 dubitare
775 890 849 916 non
860 879 951 931 ‘pos

203 925 347 974 sumus.
376 930 538 970 ostendit
567 932 733 971 eundum
764 933 811 972 ad
843 936 952 975 Pom-

209 983 359 1035 peium,
389 988 528 1027 etiamfi
567 1003 647 1028 non
688 989 864 1044 expedire
895 995 950 1032 vi-

210 1039 355 1079 deatur.
738 1053 742 1056 ’
767 1061 773 1065 *

263 1097 399 1138 Meam
426 1097 605 1153 cauffimz]
694 1105 744 1142 Vt
772 1104 874 1144 idem
902 1107 949 1146 ab

207 1162 374 1207 vtroque
411 1158 493 1208 capi
533 1157 728 1197 confilium
760 1172 948 1215 oporteat.

752 237 857 286 Quid
888 240 961 280 tibi

144 1230 147 1233 ¹
206 1223 296 1249 llam
313 1211 513 1252 coniunft'lt
533 1229 616 1253 nlea
629 1231 700 1255 call
729 1233 751 1255 cl
772 1234 857 1258 sunl
880 1232 949 1260 tua

206 1267 268 1321 est,
298 1266 411 1315 valet,
443 1269 578 1309 eodem
615 1274 656 1310 in
686 1265 780 1313 statu
812 1275 951 1324 summ,

205 1324 335 1363 eadem
364 1328 462 1365 ratio
490 1328 553 1375 est,
584 1331 747 1380 pertinet
776 1332 878 1371 idem
904 1335 950 1374 ad

200 1390 408 1435 Vtrumque
438 1385 618 1432 nostrum.
703 1390 948 1431 Contrarium

201 1440 254 1476 est
272 1437 369 1478 illud
397 1438 463 1479 lib.
494 1453 529 1482 Ι.
560 1445 663 1496 epist.
682 1457 721 1498 9.
764 1449 858 1488 Mea
880 1463 949 1506 'ra-

201 1497 258 1536 tio
272 1495 361 1548 fuit
383 1498 476 1536 alia.

259 1566 374 1606 Nihil
398 1565 480 1622 effic
497 1570 650 1623 vtilius]
706 1577 757 1613 Vt
789 1560 956 1628 quidem*

199 1621 279 1676 ipse
298 1625 434 1663 Cicero
453 1629 622 1678 putabat,
650 1632 723 1677 cui,
753 1631 858 1684 quod
877 1634 945 1672 ho-

199 1681 357 1727 nestum,
384 1681 424 1719 id
456 1697 574 1722 vnum
607 1685 700 1725 vtile
730 1687 943 1730 videbatur.

201 1736 342 1776 Caesar
363 1748 488 1777 autem
521 1741 616 1781 nihil
645 1742 799 1794 melius,
827 1761 942 1800 quam

197 1807 357 1843 regnare
377 1797 629 1838 existimabat:
659 1803 788 1854 itaque
810 1804 939 1843 versus

196 1849 286 1890 illos
308 1852 498 1905 Euripidis
520 1855 566 1894 de
588 1857 791 1898 Phoenissis
810 1862 851 1899 in
874 1876 942 1901 ore

195 1908 336 1948 habere
356 1907 486 1949 solitus
512 1914 574 1960 est,
612 1929 648 1953 v.
671 1926 765 1969 527.

252 1977 366 2028 Εἴπερ
400 1987 470 2031 ’γὰρ
490 1989 616 2024 ἀδικεῖν
641 1986 722 2037 xes),
745 1995 938 2038 τυςκννίδος

363 2046 441 2087 πέρι
476 2062 477 2066 ’

251 2105 428 2149 Κάλλιςον
449 2117 586 2151 ἄδι-κεῖν·
614 2115 647 2153 τ’
677 2112 766 2156 ἅλλα
797 2119 825 2156 δ’
847 2119 938 2158 εὗσε-

365 2173 439 2213 βεῒν
464 2168 587 2217 χςεῶν.

194 2238 301 2286 Quos
332 2237 471 2278 Cicero
500 2243 553 2280 ita
590 2245 705 2283 vertit
732 2242 798 2284 lib.
826 2258 861 2299 3.
891 2245 939 2287 de

196 2293 302 2333 Offic.
336 2306 441 2336 c.21.

253 2364 421 2418 Nam-fi
435 2368 658 2410 violandum
689 2372 740 2427 est
770 2374 845 2424 ius,
874 2391 933 2417 re-

355 2427 508 2478 gnandi
518 2431 658 2481 gratia

252 2492 481 2533 Violandnm
505 2496 574 2548 est:
612 2501 704 2541 aliis
725 2502 840 2544 rebus
853 2505 933 2559 pie-

340 2560 478 2590 *tatem
512 2555 626 2595 colas.

246 2618 497 2671 Defendenda
522 2625 642 2679 pace]
720 2630 854 2669 Genus
873 2630 930 2672 lo·

192 2676 349 2728 queudi,
382 2692 466 2731 pre,
496 2681 521 2718 fi
553 2695 682 2733 pacem
710 2685 930 2729 defendere-

191 2745 295 2777 mus:
333 2744 373 2773 vt
412 2737 453 2773 in
487 2742 690 2788 prooemio
719 2741 786 2783 lib.
814 2755 846 2785 1.
881 2745 928 2785 de

189 2789 296 2830 Offic.
325 2792 546 2834 Orationem
588 2797 774 2859 Latinam
799 2802 928 2857 profe·

439 119 991 180 PAVLLIQMANVTII
1020 116 1533 176 comMENTAmvs

1016 239 1263 298 Halegendis
1287 247 1426 301 ‘nostris
1456 249 1591 303 efficies
1614 252 1759 305 plem'o-
1804 299 1808 303 ¹

1015 311 1118 337 rem:
1147 313 1233 352 pro,
1250 303 1276 341 fi
1298 306 1423 344 nostra
1444 305 1555 357 leges.

1070 356 1150 396 Nos
1159 357 1375 413 fefellerit]
1400 364 1493 403 Non
1515 362 1663 412 Caesar,
1691 363 1758 404 sed

1013 410 1055 450 id
1076 412 1181 465 quod
1200 415 1441 458 arbitramur.
1478 421 1634 461 dicimus
1653 424 1757 462 enim

1014 468 1230 522 fimpliciter
1261 473 1467 524 interdum,
1499 493 1572 518 non
1601 492 1657 517 me
1671 476 1757 531 fal-

1014 526 1076 566 lit.
1149 527 1299 568 Fefellit
1318 541 1444 570 autem
1468 536 1509 573 in
1537 549 1583 575 eo
1601 537 1754 575 Cicero·
1791 547 1796 551 '

1000 592 1101 621 ‘nem
1123 586 1278 637 opinio,
1293 587 1398 639 quod
1426 591 1582 639 Caesar,
1613 607 1696 631 cum
1719 594 1754 632 ei

1012 639 1109 678 nihil
1148 641 1250 681 effet'
1270 643 1401 684 Vtilius
1430 648 1644 697 concordia,
1671 664 1753 690 rem

1012 693 1138 736 tamen
1159 699 1205 737 ad
1225 714 1329 739 arma
1346 701 1531 744 deducere
1551 705 1748 747 maluerat.

1069 754 1288 811 Geruntur]
1318 761 1350 798 A
1374 761 1533 801 Caesare
1560 765 1600 801 in
1621 763 1751 817 Hispa-

1009 811 1073 849 nia
1094 823 1226 852 contra
1255 817 1425 870 Pompeii
1457 818 1612 869 legatos.
1642 820 1752 873 pulso

1009 869 1110 907 enim
1141 869 1250 909 Italia
1288 874 1492 929 Pompeio,
1541 877 1587 916 ad
1616 878 1753 919 vrbem

1009 924 1145 964 Caesar
1163 931 1338 978 excurrit,
1353 931 1442 972 inde
1463 935 1504 972 in
1517 933 1749 988 Hispaniam.

1008 985 1098 1030 on
1117 994 1244 1023 autem
1265 995 1438 1040 tempore
1469 1005 1552 1030 cum
1582 991 1749 1045 Sulpicio

1009 1038 1219 1079 collocutus
1254 1044 1306 1080 est
1336 1048 1495 1095 Cicero,
1534 1047 1675 1087 bellum
1705 1052 1748 1089 in

1007 1095 1187 1149 Hispania
1208 1101 1421 1148 gerebatur.
1448 1104 1488 1143 id
1509 1106 1748 1155 cognoscitur

1007 1167 1051 1191 ex
1070 1152 1135 1193 lib.
1154 1167 1214 1195 10.
1236 1156 1284 1195 ad
1303 1161 1412 1199 Attic.
1444 1163 1546 1214 epist.
1575 1175 1634 1204 12.
1660 1177 1720 1216 13.

1063 1210 1300 1267 Gestasunt]
1333 1218 1429 1255 Cum
1448 1220 1652 1273 Pompeius
1672 1223 1746 1260 eie-

1009 1268 1090 1306 &us
1109 1268 1218 1307 Italia
1250 1272 1304 1319 fit,
1326 1273 1464 1314 Caesar
1488 1274 1586 1316 vrbe*
1616 1288 1652 1317 et
1674 1281 1746 1318 Ita-

1005 1322 1057 1362 lia
1074 1326 1115 1363 fit
1134 1329 1291 1379 potitus.

1062 1382 1146 1438 ,Qui
1161 1385 1293 1435 cursus
1309 1391 1458 1438 rerum]
1490 1393 1540 1430 Vt
1560 1392 1661 1430 enim
1682 1391 1746 1431 ad-

1004 1438 1098 1487 huc,
1130 1441 1182 1479 ita
1220 1442 1396 1498 deinceps
1425 1447 1544 1490 armis
1585 1458 1746 1498 agentur

1004 1509 1147 1535 omma.

1058 1555 1144 1611 Qi
1176 1556 1324 1608 exitus]
1386 1556 1564 1615 perspicis
1600 1565 1744 1606 exitum

999 1608 1084 1649 fore
1102 1609 1164 1649 vel
1185 1613 1366 1663 Caesaris,
1400 1616 1462 1669 vel
1492 1621 1661 1674 Pompeii
1690 1632 1743 1668 ty·

997 1666 1206 1708 rannidem.
1220 1669 1285 1710 lib.
1311 1678 1347 1720 8.
1366 1673 1412 1712 ad
1432 1677 1540 1715 Attic.
1562 1680 1664 1731 epist.
1681 1690 1697 1719 1
1712 1693 1742 1722 1.

997 1725 1164 1781 Vterque
1181 1741 1345 1782 regnare
1357 1732 1451 1771 vult.
1465 1743 1500 1772 et
1518 1733 1609 1773 alibi
1620 1734 1740 1790 saepe.

1053 1783 1175 1838 Ergo]
1204 1786 1302 1823 Cum
1320 1787 1461 1836 videas,
1489 1804 1601 1843 quem
1620 1793 1740 1833 indo·
1801 1800 1810 1802 ’

999 1851 1084 1876 cum
1105 1853 1165 1877 res
1185 1841 1344 1882 dedue‘ffi
1365 1846 1428 1891 fit;
1470 1846 1661 1901 sequitur..
1682 1861 1738 1900 vt,

996 1896 1038 1932 in
1059 1897 1153 1935 vrbe
1172 1899 1197 1936 fi
1218 1899 1477 1951 manserimus,
1498 1904 1558 1944 vel
1569 1909 1738 1959 probare

997 1965 1053 1998 ea,
1074 1966 1170 2005 quae
1189 1957 1292 2004 fient,
1315 1960 1419 2010 quod
1439 1963 1550 2015 turpe
1583 1966 1645 2012 eff,
1673 1965 1738 2006 vel

994 2007 1122 2048 saltem
1144 2013 1319 2053 interesse
1341 2030 1541 2066 cogamur,
1573 2019 1685 2060 etiam
1709 2023 1736 2062 fi

993 2080 1074 2105 non
1095 2069 1320 2121 probemus:
1356 2074 1461 2126 quod
1482 2077 1736 2129 periculosum

995 2134 1078 2162 erit.

1050 2181 1223 2236 ‚ngrum
1238 2184 1384 2238 altera]
1456 2190 1513 2228 Sic
1540 2192 1581 2230 in
1603 2191 1734 2234 decem

992 2240 1159 2290 antiquis
1188 2238 1318 2280 libris:
1363 2245 1404 2282 in
1434 2245 1607 2297 duobus,
1633 2266 1734 2306 ‚qua-

991 2309 1091 2334 rum.
1126 2298 1391 2349 antiquitatem
1418 2306 1534 2353 magis
1571 2304 1733 2358 redolet,

990 2365 1150 2406 quorum
1162 2369 1176 2390 .·
1203 2362 1240 2392 et
1260 2369 1410 2405 vereor,
1422 2374 1470 2398 ne
1483 2363 1567 2414 quis
1584 2365 1634 2402 ob
1648 2380 1733 2405 ver-

991 2409 1097 2456 bum,
1133 2410 1281 2459 altera,
1304 2411 1545 2457 scribendum
1573 2431 1730 2473 putaue-
1790 2448 1797 2455 ν

989 2467 1054 2512 rit,
1079 2479 1257 2521 quarum.

1046 2522 1198 2577 Restat]
1251 2528 1349 2565 Cum
1388 2528 1532 2580 videas,
1561 2536 1728 2587 probare

989 2587 1100 2632 turpe
1121 2578 1216 2626 effe3
1250 2584 1447 2635 interesse,
1472 2591 1612 2629 etiamsi
1647 2608 1728 2632 non

987 2637 1139 2688 probeS,
1185 2640 1460 2690 periculosum3
1515 2649 1638 2696 restat,
1683 2660 1726 2690 vt

986 2691 1250 2734 discedendum
1271 2709 1457 2750 putemus,

1043 2750 1164 2806 Q‘Od
1185 2755 1402 2812 cmzsilium]
1485 2761 1542 2799 De
1571 2759 1724 2804 disceffu
1775 2801 1780 2806 ,

986 2804 1237 2849 dubitandum
1271 2826 1352 2858 non
1378 2815 1451 2857 est:
1478 2818 1601 2872 *restat
1632 2817 1724 2863 deli-

1441 2881 1443 2883 ’
1560 2875 1724 2927 berane,
