1863 3172
248 117 316 157 IN
339 113 475 156 CIC.
502 111 694 154 EPIST.
726 113 860 153 FAM.

90 233 266 276 minatos,
279 226 422 267 Plinius
442 226 669 276 significabat
689 223 754 264 lib.
770 234 788 264 1
801 235 834 265 1.

89 303 119 327 c.
143 299 208 341 37.
566 339 568 342 7

150 346 296 384 Parum
311 338 442 394 plane]
475 341 574 388 Quia
589 337 757 384 Coelius,
766 338 835 376 vbi

91 397 344 453 deprehensus
382 397 470 436 ess‘et
508 395 658 444 Ocella,
701 395 834 444 fignifi-

91 470 177 497 care
196 455 384 496 noluerat.
413 453 502 494 vide
524 453 758 505 lib.8.epist.
776 461 834 490 ιο.

148 514 193 552 In
222 511 345 565 aHis]
389 512 540 560 Quibus
572 511 739 549 vrbanae
774 520 834 546 res

91 568 324 620 singulorum
368 569 517 608 dierum
565 565 836 605 scribebantur.

91 629 254 667 Tacitus
276 625 342 665 lib.
369 638 404 679 3.
437 622 572 664 Annal.
604 636 633 661 c.
655 634 691 675 3.
749 623 838 661 Ma-

90 695 190 725 trem
207 685 425 729 Antoniam,
448 694 522 720 non
542 678 648 732 apud
668 678 807 717 auelor.
821 691 839 716 s

91 755 223 781 rerum
242 767 253 787 ‚
273 749 348 780 non
375 738 520 778 diurna
555 734 729 776 afiorum
737 734 840 785 scri-

86 810 212 852 ptura
247 797 413 849 reperi0,
445 794 525 834 vllo
549 792 691 850 itgst‘gm'
719 789 840 845 officio

84 853 277 907 funHam.

154 912 276 952 Trans
320 917 483 948 montem
521 902 721 956 Taurum]
763 903 840 943 Vbi

92 978 174 1007 erat
198 968 348 1013 Cicero,
370 979 457 1004 eum
484 962 530 1003 de
559 963 744 1002 Matrinio
780 973 840 999 co-

91 1025 240 1075 gnouit.

148 1083 210 1122 De
232 1076 458 1130 Matrinio]
488 1076 727 1123 Matrinium,
757 1072 842 1113 scri-

91 1138 180 1178 bam
199 1135 430 1182 aedilicium,
471 1134 644 1173 nominat
668 1134 708 1171 in
741 1140 838 1170 orat.

890 111 1003 154 LIB.
1035 113 1085 152 11.
1125 110 1317 151 EPIST.
1355 111 1455 152 XVI.
1554 117 1638 165 187

947 224 1008 265 Sit
1018 223 1212 277 auditum]
1241 225 1334 264 Non
1356 225 1472 274 igitur
1483 224 1638 266 Coelius

892 279 931 320 id
956 280 1163 334 scripserat.

951 338 1122 391 Enfiae]
1167 340 1282 378 Venti
1308 352 1329 377 a
1359 341 1640 393 septemtrione

893 393 940 432 ad
960 394 1219 442 Occidentem,
1247 396 1336 434 inde
1369 398 1410 434 in
1440 399 1642 438 Orientem

893 452 1037 497 flantes,
1057 461 1098 490 vt
1120 450 1185 491 lib.
1210 464 1246 493 2.
1265 454 1479 494 Met.docet
1500 457 1639 494 Aristo-

895 506 1008 547 teles:
1039 509 1168 560 itaque
1191 508 1337 549 cursum
1359 512 1553 550 Ciceronis
1572 513 1641 551 im-

893 565 1119 619 pediebant,
1160 567 1200 604 in
1230 565 1378 604 Italiam
1408 582 1452 606 ex
1484 571 1642 609 Graecia

896 623 1122 671 nauigamus.
1181 620 1289 661 flare
1299 624 1489 676 incipiunt
1506 638 1534 664 v
1547 638 1574 665 1.
1587 626 1640 667 id.

895 678 966 718 Iul.
985 678 1120 718 diebus
1140 680 1229 718 0810
1252 690 1339 719 ante
1363 680 1553 722 caniculae
1579 697 1642 723 or-

897 747 992 784 tum,
1019 747 1061 775 vt
1083 737 1135 775 ait
1146 735 1373 785 Columella,
1386 752 1455 776 nec
1469 737 1643 781 desinunt

897 794 964 832 nisi
983 794 1066 847 post
1095 792 1175 832 dies
1211 804 1285 834 XL.
1314 797 1469 834 auctore
1503 795 1641 836 Plinio.

899 852 1118 900 Gignuntur
1134 880 1146 898 ,
1173 861 1215 890 vt
1242 851 1377 890 codem
1403 850 1504 892 libro
1533 852 1645 894 docet

897 906 1131 950 Aristoteles.
1173 908 1376 947 humorem
1413 907 1642 951 diss'olucnte

897 963 984 1003 Sole
1004 966 1043 1002 in
1065 965 1353 1018 Septemtrionis
1384 968 1541 1016 regione
1570 967 1647 1007 col·

896 1019 1126 1061 le&11n1.1ib.
1150 1035 1211 1064 12.
1231 1024 1413 1076 epist-25.
1438 1034 1474 1062 et
1490 1022 1557 1063 lib.
1586 1036 1644 1075 ις.

898 1080 1002 1132 epist.
1033 1090 1092 1120 11.
1114 1089 1150 1119 et
1170 1077 1236 1119 lib.
1261 1083 1299 1123 6.
1326 1079 1373 1118 ad
1395 1081 1520 1121 Attice
1539 1083 1644 1135 epist.
1704 1126 1707 1130 ,

895 1148 934 1189 7.
956 1145 992 1174 et
1023 1141 1059 1183 8.

90 1208 163 1249 pro
183 1193 364 1234 Cluentio
384 1207 413 1231 c.
434 1203 502 1245 45.
559 1189 723 1230 Videtur
743 1190 840 1227 Coe-

93 1252 168 1291 lius
199 1250 332 1290 aedilis
363 1247 504 1288 curulis
538 1245 683 1300 aliquid
704 1245 840 1285 aduer-

94 1307 153 1347 sus
177 1323 278 1356 eum,
303 1305 365 1346 vel
393 1307 506 1345 etiam
538 1318 611 1359 pro
632 1317 692 1349 eo,
715 1303 842 1355 rei‘pu-·

92 1364 213 1406 blicae
232 1374 298 1404 aut
319 1365 508 1403 amicitiae
534 1359 654 1402 causs'a
674 1359 811 1399 fecisse.

955 1191 1164 1245 Celeriter]
1197 1194 1277 1231 Iam
1298 1195 1399 1233 enim
1415 1193 1460 1234 de
1485 1197 1646 1248 prouin-

898 1247 1202 1345 {ia-decefferat:
1259 1251 1365 1303 quod
1395 1251 1526 1307 paullo
1557 1262 1644 1294 ante

923 1317 1004 1347 let·
1353 1330 1355 1334 ⁴

533 1493 1035 1535 EPISTOLAE
1092 1498 1191 1539 XVI.

453 1585 1276 1656 AR-GVMENTVM.

213 1698 355 1741 Tribus
375 1699 489 1740 annis
507 1695 682 1752 epistolae
703 1696 896 1738 Ciceronis
912 1695 969 1736 ad
985 1697 1152 1739 Coelium
1172 1698 1290 1741 datae
1297 1701 1398 1754 sunt
1406 1719 1421 1742 .·
1439 1704 1650 1758 primast.

96 1756 237 1805 cunda,
260 1758 396 1804 tertia,
417 1758 476 1797 M.
494 1755 701 1803 Marcello,
730 1756 808 1795 Ser.
839 1754 1008 1806 Sulpicio
1037 1751 1123 1810 coff
1145 1769 1301 1812 quarta,
1330 1763 1487 1814 quinta,
1511 1747 1627 1815 [ἔξω

86 1816 275 1869 septima,
297 1812 457 1860 oetam,
484 1813 524 1852 L.
543 1812 700 1860 Paullo,
723 1812 761 1851 C.
786 1811 982 1852 Marcello
999 1810 1078 1866 coſj.
1107 1827 1208 1853 nona
1220 1814 1264 1854 L.
1285 1817 1457 1866 Lentulo,
1480 1791 1648 1862 C.Mar’-

97 1873 194 1915 cello
212 1867 291 1926 roffi
349 1872 454 1911 Haec
473 1869 615 1909 vltima
635 1866 836 1921 respondet
857 1869 906 1907 iis
924 1868 1081 1917 litteris,
1114 1869 1248 1926 quibus
1266 1888 1352 1913 eum
1372 1876 1518 1916 Coelius
1552 1875 1647 1925 obsb.

97 1939 289 1975 crauerat,
320 1927 419 1980 nese
437 1939 523 1966 cum
543 1925 720 1978 Pompeio
753 1927 1018 1980 coniungeret,
1036 1925 1112 1978 sed
1130 1929 1172 1967 in
1191 1927 1344 1980 opidum
1372 1932 1534 1986 aliquod
1548 1934 1648 1975 bello

97 1999 265 2027 vacuum
292 1982 507 2032 recederet,
527 1980 646 2022 donec
673 1984 796 2022 armis
823 1983 953 2022 ciuilis
979 1985 1169 2024 contentio
1187 1982 1482 2028 diiudicaretur.
1509 2002 1646 2029 earum

97 2044 326 2084 litterarum
354 2041 513 2080 initium
542 2038 620 2093 est:
658 2041 892 2079 exanimatus
919 2038 1000 2078 sum
1027 2041 1103 2079 tuis
1135 2039 1294 2092 litteris,
1323 2035 1387 2084 lib,
1407 2054 1440 2089 g,
1474 2045 1574 2099 epist,
1594 2048 1645 2085 ω’,

99 2101 307 2155 Magnum,
331 2098 459 2151 inquit
479 2096 621 2141 Cicero,
632 2097 801 2136 dolorem.
817 2109 861 2136 ex
880 2097 1027 2136 litteris
1045 2099 1124 2137 tuis
1142 2098 1372 2155 acceplffi'ms
1402 2101 1476 2156 mfi
1492 2093 1645 2143 alimur.

100 2170 153 2196 na
172 2154 264 2195 mihi
282 2168 413 2194 rerum
445 2151 660 2204 desperatio
685 2165 808 2206 paene
837 2165 983 2192 omnem
1010 2154 1090 2193 iam
1107 2152 1251 2196 doloris
1258 2157 1414 2208 finsttm
1439 2157 1646 2215 ademisset.

103 2212 190 2252 Nec
208 2225 298 2251 vero
315 2209 511 2262 confilium
541 2222 661 2248 meum
682 2209 750 2249 hoc
763 2209 870 2261 fuit,
899 2220 944 2248 vt
965 2220 1040 2261 pro
1071 2212 1246 2264 Pompeio
1278 2227 1416 2255 contra
1450 2216 1648 2267 Caesarem

99 2281 326 2323 pugnarem,
342 2269 420 2319 Jed
435 2277 480 2306 vt
504 2268 546 2304 in
562 2265 714 2319 aliquas
726 2262 888 2319 fortaffi
903 2264 1136 2316 solitudines
1153 2266 1389 2319 discederem.
1425 2272 1525 2314 nihil
1545 2275 1650 2314 enim

102 2323 284 2365 ciuilibus
306 2324 428 2363 armis
449 2320 621 2373 odiosius.
681 2322 854 2373 Caesaris
873 2324 937 2362 ira
956 2335 1031 2361 non
1049 2336 1106 2362 me
1122 2336 1257 2374 mouet,
1278 2341 1362 2367 cum
1381 2328 1512 2370 eadem
1531 2332 1652 2371 omni.

105 2380 174 2422 bus
195 2381 400 2421 calamitas
429 2376 639 2431 impendere
665 2377 854 2418 videatur.
911 2379 1036 2418 Filius
1059 2393 1185 2430 meus,
1223 2386 1331 2424 cuius
1357 2383 1482 2442 cataffiz
1511 2387 1572 2427 vis
1592 2402 1650 2428 me

105 2437 199 2478 mihi
219 2450 354 2477 carum
373 2432 447 2489 ‘'ff'’
476 2449 521 2474 ac
542 2433 589 2474 de
609 2449 692 2486 mea
724 2436 949 2475 calamitato
973 2434 1174 2484 laborare,
1200 2436 1245 2488 [ί
1257 2442 1334 2480 erit
1361 2442 1496 2498 aliqua
1522 2454 1651 2497 respu-

106 2494 221 2542 blica,
237 2491 520 2546 sustentabitur
539 2493 721 2531 memoria
749 2493 913 2531 nominis
933 2493 1030 2543 mei,
1046 2491 1099 2545 si
1111 2494 1233 2541 nulla,
1261 2511 1346 2536 cmn
1374 2501 1537 2557 reliquis
1555 2502 1650 2542 ciui.

106 2551 178 2591 hus
194 2547 376 2591 concidet.
460 2548 525 2587 De
534 2560 678 2603 genero
702 2562 781 2588 meo
799 2547 1025 2598 Dolabella,
1071 2550 1150 2589 noli
1174 2549 1365 2603 dubitare,
1412 2560 1506 2614 quin
1551 2572 1637 2598 eam

106 2621 222 2663 quam
250 2604 379 2651 debeo,
419 2618 550 2643 curam
579 2602 804 2656 fistineam.
890 2605 1147 2658 Hispanienfis
1180 2608 1276 2651 belli
1301 2615 1445 2654 exitum
1470 2630 1546 2656 non
1585 2588 1651 2656 eet·3

97 2663 252 2716 spello:
280 2660 452 2718 quotgfitm
472 2661 599 2699 enim?
620 2671 691 2699 aut
708 2660 814 2708 mihi,
835 2662 1018 2702 incolumi
1032 2662 1202 2710 ciuitate,
1227 2666 1329 2708 locus
1349 2672 1422 2710 erit
1434 2689 1448 2710 ,-
1476 2683 1547 2712 aut
1567 2683 1651 2725 per.

109 2719 211 2767 dita,
245 2718 348 2774 quod
369 2718 555 2779 reliquum
576 2715 627 2771 est
651 2719 769 2765 vitae,
792 2719 833 2757 in
842 2716 1059 2769 solitudine
1085 2718 1291 2765 traducere
1307 2702 1564 2768 deliberaturi:
1588 2728 1652 2783 est.

114 2777 258 2819 Verum
277 2774 368 2816 haec
381 2771 543 2829 sortasse
571 2773 757 2817 meliorem
777 2786 926 2818 exitum
953 2775 1156 2818 habebunt.
1214 2780 1272 2822 Tu
1297 2793 1452 2833 tamen,
1486 2777 1654 2827 vbicgim-

1582 2855 1651 2899 que

328 2949 347 2957 α
