1863 3172
186 73 265 124 158

241 180 385 220 Eorum
401 175 627 228 ventorum]
666 176 799 214 Ventis
825 189 925 214 eom-

185 245 295 294 parat
312 236 450 280 bonos,
474 230 647 285 plebem,
673 230 856 281 gratiosos
883 234 926 270 in

186 292 402 341 suffragiis,
447 302 562 340 quosr
589 289 665 326 iam
698 290 924 328 nominauit.

186 365 295 396 nam,
321 348 384 386 etfi
404 344 545 385 Miloni
567 343 718 393 fauent,
745 344 839 384 duce
875 355 927 385 ta-

182 401 299 452 men,
322 413 358 444 et
383 404 533 442 rectore
552 402 605 441 ita
629 400 820 453 indigent,
842 417 928 441 cum

188 460 344 505 secundi
365 461 454 508 fint,
489 471 672 508 reguntur
693 454 819 499 tamen
845 469 927 498 arte

190 519 378 575 quadam,
423 517 471 557 ab
492 530 562 565 ee,
609 518 676 569 qui
702 530 839 556 nauem
862 529 927 566 gu-

188 579 337 620 bernat.

247 634 332 691 Qti
348 628 388 683 fi
406 643 454 670 ex
480 626 650 670 omnibus
677 642 774 668 vnus
800 638 932 680 optan-

192 690 266 734 dus
285 687 392 745 effet]
422 689 454 726 A
471 700 548 739 quo
567 686 743 739 petimuS,
762 687 793 723 is
816 697 933 736 quan-

193 760 277 790 tum
311 744 420 799 possit
448 744 490 781 in
519 756 588 790 eo,
626 741 730 794 quod
759 742 936 794 petimus,

198 803 396 846 ostendere
424 799 616 840 debemus,
645 798 686 836 id
709 799 785 836 iam
800 799 935 836 Cicero

193 861 380 917 praestitit
396 859 442 895 iis
469 857 615 895 verbis:
651 855 739 895 huic
758 865 796 894 te
819 867 938 894 vnum

194 929 305 960 tanto
326 913 545 954 adiumento
561 909 637 966 estin
691 914 772 950 Nec
791 925 838 950 eo
851 924 937 966 con-

196 984 323 1016 tentus
350 973 473 1010 iterat.
500 968 604 1021 quod
634 967 734 1007 valet
758 969 870 1007 etiam
889 965 938 1006 ad

198 1027 474 1072 conciliandam
509 1024 837 1065 beneuolentiam:
887 1025 938 1063 est

198 1090 304 1128 enim
326 1099 411 1124 cum
443 1082 554 1122 laude
582 1084 774 1121 Curionis.
833 1081 940 1121 Idem

197 1146 288 1187 fecit
307 1142 450 1181 Afinia-:s
463 1141 502 1177 in
515 1140 717 1192 prooemio
738 1140 938 1184 orationis,

201 1214 316 1256 quam
335 1198 507 1238 nominat
534 1194 816 1244 Qinffilianus
828 1193 939 1248 lib.9.

200 1274 232 1299 c.
250 1256 317 1296 vlt.
375 1255 426 1301 Si,
439 1253 590 1304 Caesar,
602 1267 651 1292 ex
667 1253 834 1292 omnibus
845 1265 943 1292 mor-

199 1313 363 1358 talibus,
385 1312 451 1367 qui
465 1309 557 1361 sunt
578 1324 623 1348 ac
633 1309 791 1360 fuerint
805 1337 817 1356 ,
832 1305 945 1363 postet

200 1373 289 1412 huic
321 1365 465 1421 cauffiae
491 1365 724 1418 disceptator
745 1367 841 1421 legi,
871 1378 946 1405 non

201 1429 401 1485 quisquam
435 1434 474 1463 te
494 1425 624 1476 potius>
657 1423 846 1475 optandus
882 1435 945 1462 no·

202 1485 261 1526 his
282 1483 374 1532 fuit.

258 1537 541 1595 Qaamobrem,
565 1535 617 1589 fi
633 1551 691 1577 me
725 1534 942 1588 memorem]

202 1599 398 1639 Hactenus
424 1592 608 1646 exposuit,
630 1592 722 1646 quid
752 1595 890 1646 cupiat,
909 1602 946 1632 et

207 1669 325 1708 quam
345 1650 454 1690 valde
472 1653 609 1704 cupiat,
628 1661 665 1689 et
687 1649 779 1703 quid
797 1649 946 1704 speran-

205 1712 298 1751 dum
340 1710 405 1756 fit,
461 1718 497 1749 et
527 1707 618 1760 quid
652 1709 773 1746 Curio
814 1707 946 1760 possit:

205 1782 308 1808 nunc
326 1765 371 1805 ad
393 1760 616 1820 petitionem
652 1763 883 1813 ingreditur:
911 1772 948 1802 et

204 1827 374 1881 primum
393 1822 439 1860 de
459 1820 494 1860 se
510 1820 615 1874 ipso,
635 1835 713 1873 quo
741 1823 857 1870 magis
874 1822 948 1860 Cu-

205 1884 272 1923 :rio
293 1888 506 1924 moueatur,
537 1889 616 1917 tum
637 1878 683 1917 de
707 1877 788 1931 ipso
801 1876 948 1917 Milone

207 1934 336 1978 omnia
347 1934 567 1990 pollicetur:
598 1949 682 1973 cum
701 1937 855 1974 euenire
867 1933 949 1987 pos-

204 1995 282 2042 set,
315 2004 356 2033 vt
384 1993 547 2033 Curioni
585 1993 728 2045 pariter
754 1991 951 2044 Vtriusque

205 2053 326 2103 gratia
340 2080 351 2098 ‚
386 2059 425 2089 et
467 2050 674 2089 auetoritas
727 2047 830 2089 vtilis
876 2047 950 2088 effe

206 2107 340 2167 poffet.
392 2105 397 2106 ⁷

266 2166 309 2205 Si
331 2161 520 2221 gratum]
569 2165 761 2202 Memores
807 2163 951 2210 animo,

208 2217 309 2273 grati
327 2235 367 2259 re
387 2219 465 2273 ipsa
494 2219 640 2258 sumus:
670 2235 738 2259 nec
774 2217 859 2258 satis
887 2221 951 2267 est,

211 2287 405 2330 acceptum
422 2277 648 2316 beneficium
668 2278 853 2316 memoria
866 2291 953 2315 con-

211 2334 451 2381 seruare,nisi
471 2344 507 2372 et
527 2333 689 2372 studium
711 2348 954 2373 remuneran-

214 2391 269 2439 di,
291 2401 328 2430 et
344 2389 421 2443 ipsa
443 2389 591 2429 accedat
610 2392 884 2430 remuneratio.

271 2449 314 2487 Si
342 2446 476 2486 bonum
505 2446 662 2500 virum]
702 2449 883 2487 Libenter
914 2449 955 2487 in

215 2517 419 2551 memores,
439 2514 475 2542 et
493 2513 619 2552 gratos
640 2504 814 2542 homines
845 2506 955 2545 bene-

215 2563 299 2603 ficia
334 2559 606 2605 conferuntur;
642 2559 846 2609 libentius,
868 2563 894 2601 fi
911 2563 956 2601 ii·

216 2618 305 2660 dem
323 2618 419 2656 boni
440 2618 516 2655 viri
536 2617 617 2656 fint-

277 2675 352 2714 Vel
365 2687 415 2713 ex
430 2672 496 2713 hoc
515 2673 592 2725 ipso
607 2675 624 2722 ]
655 2674 837 2723 Magnum
852 2674 956 2714 enirn

216 2730 401 2773 bonitatis
423 2772 426 2777 ,
447 2739 726 2780 argumentum,
769 2729 955 2786 cupiditas

411 65 636 106 ‘Avrm
661 63 954 104 MANvTu
979 50 1498 103 COMMENTAmvs

980 174 1124 224 gratiae
1140 173 1373 213 referendae.
1401 171 1468 213 lib.
1484 179 1517 221 8.
1543 170 1591 212 ad
1607 164 1718 213 At‘tic.

981 231 1085 284 epist.
1104 242 1144 283 4.
1176 230 1294 274 Nihil
1315 232 1471 286 cognoui
1499 231 1694 287 ingratius
1707 245 1722 268 .-

981 291 1022 330 in
1040 300 1113 342 quo
1130 287 1224 326 vitio
1244 286 1344 327 nibil
1359 288 1456 327 mali
1486 301 1561 326 non
1586 286 1692 335 inest.

1036 358 1078 397 Si
1105 357 1263 412 dignum
1288 355 1472 412 denique]
1517 359 1579 396 Ne
1617 354 1722 396 colli-

982 428 1081 464 gam,
1105 411 1269 463 fingula,
1296 413 1434 465 quibus
1466 413 1536 451 hoc
1563 429 1583 453 a
1605 424 1642 453 te
1660 414 1725 454 be-

983 472 1160 511 neficium
1182 471 1387 522 impetrare
1417 467 1562 515 debeo;
1588 472 1640 511 ita
1656 472 1725 510 mi-

984 530 1029 567 hi=
1044 529 1117 566 hoc
1143 527 1291 573 tribue,
1317 527 1343 566 fi
1362 525 1518 576 dignum
1532 555 1545 574 ,
1579 529 1641 567 cui
1659 529 1726 568 tri·

984 587 1093 632 buas,
1118 585 1315 624 existimas.
1682 599 1686 604 ·

1045 656 1158 695 Meae
1187 652 1324 707 laudi]
1369 653 1575 693 Laudabor
1614 655 1730 699 enim.

991 721 1034 752 vt
1054 712 1161 765 pius,
1195 725 1281 761 erga
1314 725 1422 759 eum,
1453 713 1558 751 cuius
1587 711 1728 764 praeei-

992 783 1068 823 pue
1112 768 1234 808 studio
1282 767 1439 807 salutem
1495 769 1730 821 recuperaui.
1794 764 1814 812 ;Ῐ·

993 823 1124 864 Paullo
1135 835 1234 872 ante,
1245 825 1452 880 statuique
1474 825 1512 864 in
1529 838 1567 864 eo
1588 836 1733 865 menon

993 881 1106 936 ffcii
1114 882 1242 931 sblum
1255 880 1445 933 fruHum,
1453 882 1528 932 fid
1533 883 1648 920 etiam
1652 882 1733 936 pie·

995 940 1091 980 tatis
1110 939 1262 978 laudem
1283 936 1416 979 debere
1439 951 1631 994 quaerere.

1051 1008 1172 1060 Prope
1181 1007 1326 1061 saluti]
1364 1011 1489 1058 Quia,
1520 1007 1607 1049 licet
1642 1003 1737 1048 vere
1803 1040 1811 1049 ,

996 1078 1077 1103 non
1103 1074 1236 1114 agatur
1267 1079 1349 1105 mea
1377 1066 1472 1105 salus
1499 1068 1539 1104 in
1575 1064 1735 1109 Milonis

996 1118 1171 1169 honore,
1200 1135 1269 1171 ego
1291 1132 1416 1162 tamen
1439 1125 1491 1162 ita
1512 1121 1647 1163 laboro
1661 1151 1674 1170 ,
1693 1133 1738 1163 vt

997 1180 1039 1217 in
1058 1192 1105 1216 eo
1130 1179 1410 1232 propemodum
1430 1178 1586 1220 salutem
1613 1193 1738 1220 meam

998 1236 1156 1290 positam
1179 1235 1251 1275 effe
1272 1235 1519 1277 decreuerim.

1054 1305 1195 1360 Dices]
1232 1312 1282 1347 Vt
1307 1322 1363 1356 ea,
1383 1321 1478 1361 quae
1499 1306 1570 1346 diis
1582 1309 1739 1347 immor·

1000 1362 1136 1404 talibus
1171 1363 1458 1412 consecrantum
1487 1378 1583 1417 quae
1603 1363 1741 1406 deinde

1000 1435 1082 1461 non
1101 1420 1187 1461 licet
1198 1436 1389 1461 amouere.
1420 1424 1664 1461 constantiam
1673 1423 1741 1472 igi-

1001 1481 1085 1525 tur,
1129 1488 1166 1518 et
1197 1481 1489 1532 perpetuitatem
1523 1478 1629 1518 simul
1657 1494 1743 1519 cum

1002 1535 1125 1575 studio
1146 1549 1233 1585 erga
1244 1534 1432 1575 Milonem
1453 1550 1473 1574 a
1494 1537 1664 1576 Curione
1680 1551 1745 1590 pe-

1001 1594 1062 1635 tit.
1100 1591 1336 1646 epistola‘ad
1374 1591 1602 1641 Caesarem,
1640 1592 1743 1649 apud

1001 1651 1198 1689 Nonium:
1237 1648 1399 1690 Balbum
1423 1651 1562 1705 quanti
1581 1650 1742 1705 faciam,

1003 1720 1188 1763 quamque
1216 1708 1252 1746 ei
1277 1721 1337 1747 me
1362 1716 1482 1747 totum
1517 1705 1745 1756 dicauerim,

1004 1777 1054 1805 ex
1071 1765 1147 1814 ilfi)
1156 1763 1269 1814 scies.

1062 1820 1106 1859 T.
1129 1818 1277 1872 Annio]
1308 1821 1360 1859 Ex
1395 1820 1507 1873 Papia
1537 1828 1647 1868 gente
1674 1821 1749 1859 Mi·

1006 1875 1046 1915 lo
1076 1876 1173 1924 fuit,
1209 1886 1251 1916 vt
1281 1878 1334 1916 ait
1371 1877 1577 1916 Pedianus:
1616 1875 1677 1921 sed
1698 1878 1765 1916 ab‘

1005 1935 1061 1972 T.
1081 1936 1222 1980 Annio,
1252 1947 1326 1972 auo
1366 1933 1433 1973 suo
1467 1944 1663 1981 materno,
1683 1933 1748 1973 ad·

1007 2001 1174 2043 optatus,
1195 2004 1450 2044 praenomen,
1478 2000 1514 2030 et
1531 2005 1672 2030 nomen
1689 1993 1748 2030 in-

1007 2047 1054 2086 de
1077 2047 1239 2101 sumpfit.

1066 2107 1234 2145 Maioris
1261 2104 1408 2158 animi]
1448 2105 1576 2145 Animi
1604 2107 1748 2154 magni·

1008 2161 1147 2202 tudine'
1170 2160 1356 2202 Milonem
1387 2161 1618 2210 excelluisse,
1653 2163 1749 2202 dixit

1009 2220 1123 2258 etiam
1158 2221 1199 2257 in
1227 2229 1321 2260 orat.
1349 2234 1421 2273 pro
1455 2221 1602 2267 Sextio,
1644 2230 1680 2258 et
1706 2221 1749 2258 in

1010 2274 1106 2315 aliis.
1166 2276 1348 2315 Pedianus
1369 2287 1520 2324 autem,
1527 2277 1659 2329 saepe,
1692 2279 1750 2316 in-

1012 2335 1106 2386 quit,
1128 2334 1242 2381 Milo,
1265 2345 1306 2380 et,
1316 2334 1467 2373 Clodius
1485 2332 1588 2372 inte'r
1600 2332 1646 2385 s}
1665 2348 1752 2374 cum

1000 2393 1088 2440 suis
1100 2388 1340 2442 sublimibus
1358 2389 1671 2446 depugnquerant
1682 2407 1694 2428 -.·
1711 2402 1751 2431 et

1010 2458 1096 2487 erat
1139 2459 1296 2501 vterque
1325 2447 1492 2486 audacia
1528 2459 1630 2500 par.-
1676 2446 1755 2498 sed

1011 2504 1116 2544 Milo
1175 2517 1246 2557 pro
1303 2503 1519 2544 melioribus
1569 2504 1753 2557 partibus

994 2560 1146 2616 stabat.

1068 2616 1320 2670 Grauitatis]
1347 2618 1540 2667 Qtoniam
1552 2617 1635 2656 ·vbi
1656 2616 1751 2670 quid

1012 2672 1291 2712 defendendum
1318 2672 1498 2729 suscepit,
1529 2688 1608 2714 non
1641 2673 1752 2714 facile

1010 2729 1236 2772 sententiam
1254 2740 1387 2772 mutat.

1655 2786 1756 2827 (Σπη-
