<?xml version="1.0" encoding="UTF-8"?>
<!DOCTYPE html PUBLIC "-//W3C//DTD XHTML 1.0 Transitional//EN"
    "http://www.w3.org/TR/xhtml1/DTD/xhtml1-transitional.dtd">
<html xmlns="http://www.w3.org/1999/xhtml" xml:lang="en" lang="en">
 <head>
  <title>
</title>
<meta http-equiv="Content-Type" content="text/html;charset=utf-8" />
  <meta name='ocr-system' content='tesseract 3.04.00' />
  <meta name='ocr-capabilities' content='ocr_page ocr_carea ocr_par ocr_line ocrx_word'/>
</head>
<body>
  <div class='ocr_page' id='page_1' title='image "./commentariusinmt01manuuoft_0039.png"; bbox 0 0 1863 3172; ppageno 0'>
   <div class='ocr_carea' id='block_1_1' title="bbox 3 481 218 527">
    <p class='ocr_par' dir='ltr' id='par_1_1' title="bbox 3 481 218 527">
     <span class='ocr_line' id='line_1_1' title="bbox 3 481 218 527; baseline -0.005 -3"><span class='ocrx_word' id='word_1_1' title='bbox 3 519 12 527; x_wconf 31' lang='grc' dir='ltr'>κ</span> <span class='ocrx_word' id='word_1_2' title='bbox 75 481 218 524; x_wconf 84' lang='lat' dir='ltr'>suadet.</span> 
     </span>
    </p>
   </div>
   <div class='ocr_carea' id='block_1_2' title="bbox 313 79 1410 144">
    <p class='ocr_par' dir='ltr' id='par_1_2' title="bbox 313 79 1410 144">
     <span class='ocr_line' id='line_1_2' title="bbox 313 79 1410 144; baseline 0.001 -17"><span class='ocrx_word' id='word_1_3' title='bbox 313 79 381 128; x_wconf 74' lang='lat' dir='ltr'>‘IN</span> <span class='ocrx_word' id='word_1_4' title='bbox 407 87 526 128; x_wconf 85' lang='lat' dir='ltr'>CIC.</span> <span class='ocrx_word' id='word_1_5' title='bbox 555 86 750 128; x_wconf 80' lang='lat' dir='ltr'><strong>EPIST.</strong></span> <span class='ocrx_word' id='word_1_6' title='bbox 782 87 924 144; x_wconf 29' lang='grc' dir='ltr'>ΒΑΜ..</span> <span class='ocrx_word' id='word_1_7' title='bbox 948 85 1060 126; x_wconf 83' lang='lat' dir='ltr'>LIB.</span> <span class='ocrx_word' id='word_1_8' title='bbox 1092 86 1121 127; x_wconf 85' lang='lat'>1.</span> <span class='ocrx_word' id='word_1_9' title='bbox 1164 87 1353 128; x_wconf 74' lang='lat' dir='ltr'><strong>EPIST.</strong></span> <span class='ocrx_word' id='word_1_10' title='bbox 1380 88 1410 128; x_wconf 83' lang='lat'>1.</span> 
     </span>
    </p>
   </div>
   <div class='ocr_carea' id='block_1_3' title="bbox 62 196 821 2800">
    <p class='ocr_par' dir='ltr' id='par_1_3' title="bbox 62 196 821 2640">
     <span class='ocr_line' id='line_1_3' title="bbox 80 196 821 253; baseline -0.001 -14"><span class='ocrx_word' id='word_1_11' title='bbox 80 196 187 253; x_wconf 84' lang='lat' dir='ltr'>quod</span> <span class='ocrx_word' id='word_1_12' title='bbox 206 198 464 250; x_wconf 80' lang='lat' dir='ltr'>mandaretur,</span> <span class='ocrx_word' id='word_1_13' title='bbox 488 198 735 241; x_wconf 84' lang='lat' dir='ltr'>incommodo</span> <span class='ocrx_word' id='word_1_14' title='bbox 748 201 821 239; x_wconf 86' lang='lat' dir='ltr'>rei-</span> 
     </span>
     <span class='ocr_line' id='line_1_4' title="bbox 78 253 820 311; baseline -0.001 -15"><span class='ocrx_word' id='word_1_15' title='bbox 78 253 252 310; x_wconf 70' lang='lat' dir='ltr'>publicae</span> <span class='ocrx_word' id='word_1_16' title='bbox 271 272 319 297; x_wconf 91' lang='lat' dir='ltr'>ne</span> <span class='ocrx_word' id='word_1_17' title='bbox 338 259 456 298; x_wconf 84' lang='lat' dir='ltr'>fieret.</span> <span class='ocrx_word' id='word_1_18' title='bbox 486 258 616 311; x_wconf 87' lang='lat' dir='ltr'>itaque</span> <span class='ocrx_word' id='word_1_19' title='bbox 649 271 727 299; x_wconf 88' lang='lat' dir='ltr'>non</span> <span class='ocrx_word' id='word_1_20' title='bbox 755 257 820 304; x_wconf 83' lang='lat' dir='ltr'>est,</span> 
     </span>
     <span class='ocr_line' id='line_1_5' title="bbox 79 313 820 367; baseline 0.001 -16"><span class='ocrx_word' id='word_1_21' title='bbox 79 314 242 367; x_wconf 84' lang='lat' dir='ltr'>opinor,</span> <span class='ocrx_word' id='word_1_22' title='bbox 273 313 486 355; x_wconf 75' lang='lat' dir='ltr'>mandantis</span> <span class='ocrx_word' id='word_1_23' title='bbox 516 314 732 362; x_wconf 77' lang='lat' dir='ltr'>dumtaxat,</span> <span class='ocrx_word' id='word_1_24' title='bbox 759 313 820 356; x_wconf 80' lang='lat' dir='ltr'>hic</span> 
     </span>
     <span class='ocr_line' id='line_1_6' title="bbox 76 367 819 422; baseline -0.001 -12"><span class='ocrx_word' id='word_1_25' title='bbox 76 367 263 422; x_wconf 81' lang='lat' dir='ltr'>loquendi</span> <span class='ocrx_word' id='word_1_26' title='bbox 291 371 441 420; x_wconf 64' lang='lat' dir='ltr'>modim,</span> <span class='ocrx_word' id='word_1_27' title='bbox 484 382 526 412; x_wconf 87' lang='lat' dir='ltr'>vt</span> <span class='ocrx_word' id='word_1_28' title='bbox 557 371 728 419; x_wconf 79' lang='lat' dir='ltr'>senatus,</span> <span class='ocrx_word' id='word_1_29' title='bbox 754 382 819 410; x_wconf 87' lang='lat' dir='ltr'>aut</span> 
     </span>
     <span class='ocr_line' id='line_1_7' title="bbox 75 425 818 482; baseline 0 -17"><span class='ocrx_word' id='word_1_30' title='bbox 75 425 330 482; x_wconf 81' lang='lat' dir='ltr'>proconsulis,</span> <span class='ocrx_word' id='word_1_31' title='bbox 366 428 428 469; x_wconf 83' lang='lat' dir='ltr'>sed</span> <span class='ocrx_word' id='word_1_32' title='bbox 470 431 550 468; x_wconf 74' lang='lat' dir='ltr'>eius</span> <span class='ocrx_word' id='word_1_33' title='bbox 593 431 720 476; x_wconf 83' lang='lat' dir='ltr'>etiam,</span> <span class='ocrx_word' id='word_1_34' title='bbox 751 428 818 482; x_wconf 91' lang='lat' dir='ltr'>qui</span> 
     </span>
     <span class='ocr_line' id='line_1_8' title="bbox 304 483 817 539; baseline -0.008 -12"><span class='ocrx_word' id='word_1_35' title='bbox 304 488 471 537; x_wconf 79' lang='lat' dir='ltr'>Negabit</span> <span class='ocrx_word' id='word_1_36' title='bbox 498 486 570 525; x_wconf 84' lang='lat' dir='ltr'>hoc</span> <span class='ocrx_word' id='word_1_37' title='bbox 590 483 748 539; x_wconf 81' lang='lat' dir='ltr'>aliquis:</span> <span class='ocrx_word' id='word_1_38' title='bbox 779 494 817 523; x_wconf 89' lang='lat' dir='ltr'>at</span> 
     </span>
     <span class='ocr_line' id='line_1_9' title="bbox 77 539 819 597; baseline 0 -17"><span class='ocrx_word' id='word_1_39' title='bbox 77 539 204 581; x_wconf 84' lang='lat' dir='ltr'>eredat</span> <span class='ocrx_word' id='word_1_40' title='bbox 215 542 400 597; x_wconf 85' lang='lat' dir='ltr'>exemplo.</span> <span class='ocrx_word' id='word_1_41' title='bbox 413 545 550 583; x_wconf 81' lang='lat' dir='ltr'>Cicero</span> <span class='ocrx_word' id='word_1_42' title='bbox 562 543 603 581; x_wconf 89' lang='lat' dir='ltr'>in</span> <span class='ocrx_word' id='word_1_43' title='bbox 613 543 757 597; x_wconf 80' lang='lat' dir='ltr'>epist.5.</span> <span class='ocrx_word' id='word_1_44' title='bbox 771 540 819 580; x_wconf 87' lang='lat' dir='ltr'>ad</span> 
     </span>
     <span class='ocr_line' id='line_1_10' title="bbox 77 597 819 653; baseline 0.001 -16"><span class='ocrx_word' id='word_1_45' title='bbox 77 599 183 646; x_wconf 72' lang='lat' dir='ltr'>Brut.</span> <span class='ocrx_word' id='word_1_46' title='bbox 195 597 361 640; x_wconf 81' lang='lat' dir='ltr'>Decreus&#39;</span> <span class='ocrx_word' id='word_1_47' title='bbox 378 599 445 641; x_wconf 83' lang='lat' dir='ltr'>hoc</span> <span class='ocrx_word' id='word_1_48' title='bbox 463 599 640 653; x_wconf 76' lang='lat' dir='ltr'>amplius,</span> <span class='ocrx_word' id='word_1_49' title='bbox 658 610 700 639; x_wconf 82' lang='lat' dir='ltr'>vt</span> <span class='ocrx_word' id='word_1_50' title='bbox 720 610 782 652; x_wconf 66' lang='lat' dir='ltr'>tu,⁸</span> <span class='ocrx_word' id='word_1_51' title='bbox 805 615 819 638; x_wconf 90' lang='lat'><em>1</em></span> 
     </span>
     <span class='ocr_line' id='line_1_11' title="bbox 75 653 821 710; baseline 0.001 -15"><span class='ocrx_word' id='word_1_52' title='bbox 75 653 320 698; x_wconf 79' lang='lat' dir='ltr'><em>arbitrarere</em></span> <span class='ocrx_word' id='word_1_53' title='bbox 359 656 468 705; x_wconf 84' lang='lat' dir='ltr'>vtile,</span> <span class='ocrx_word' id='word_1_54' title='bbox 496 669 588 710; x_wconf 82' lang='lat' dir='ltr'>eque</span> <span class='ocrx_word' id='word_1_55' title='bbox 625 654 821 708; x_wconf 80' lang='lat' dir='ltr'><em>republica</em></span> 
     </span>
     <span class='ocr_line' id='line_1_12' title="bbox 75 708 821 770; baseline -0.001 -19"><span class='ocrx_word' id='word_1_56' title='bbox 75 708 154 767; x_wconf 69' lang='lat' dir='ltr'>ff»</span> <span class='ocrx_word' id='word_1_57' title='bbox 168 712 433 770; x_wconf 60' lang='lat' dir='ltr'>persique-rere</span> <span class='ocrx_word' id='word_1_58' title='bbox 445 711 542 753; x_wconf 80' lang='lat' dir='ltr'>bello</span> <span class='ocrx_word' id='word_1_59' title='bbox 551 712 797 753; x_wconf 79' lang='lat' dir='ltr'><em>Dolabellam</em></span> <span class='ocrx_word' id='word_1_60' title='bbox 807 728 821 750; x_wconf 86' lang='lat'>.-</span> 
     </span>
     <span class='ocr_line' id='line_1_13' title="bbox 62 767 819 822; baseline 0.004 -15"><span class='ocrx_word' id='word_1_61' title='bbox 62 767 116 822; x_wconf 73' lang='lat' dir='ltr'>Jt&#39;</span> <span class='ocrx_word' id='word_1_62' title='bbox 148 770 272 809; x_wconf 81' lang='lat' dir='ltr'>minus</span> <span class='ocrx_word' id='word_1_63' title='bbox 298 767 345 809; x_wconf 82' lang='lat' dir='ltr'>id</span> <span class='ocrx_word' id='word_1_64' title='bbox 372 767 559 810; x_wconf 83' lang='lat' dir='ltr'>commodo</span> <span class='ocrx_word' id='word_1_65' title='bbox 585 768 819 822; x_wconf 80' lang='lat' dir='ltr'>reipublicae</span> 
     </span>
     <span class='ocr_line' id='line_1_14' title="bbox 68 822 818 879; baseline 0.003 -15"><span class='ocrx_word' id='word_1_66' title='bbox 68 825 206 879; x_wconf 82' lang='lat' dir='ltr'>facere</span> <span class='ocrx_word' id='word_1_67' title='bbox 223 822 448 879; x_wconf 53' lang='lat' dir='ltr'>posti-asine</span> <span class='ocrx_word' id='word_1_68' title='bbox 476 840 550 866; x_wconf 88' lang='lat' dir='ltr'>non</span> <span class='ocrx_word' id='word_1_69' title='bbox 578 825 818 876; x_wconf 56' lang='lat' dir='ltr'>existimares</span> 
     </span>
     <span class='ocr_line' id='line_1_15' title="bbox 76 879 818 938; baseline 0.001 -16"><span class='ocrx_word' id='word_1_70' title='bbox 76 897 98 922; x_wconf 84' lang='lat' dir='ltr'>e</span> <span class='ocrx_word' id='word_1_71' title='bbox 119 880 314 934; x_wconf 80' lang='lat' dir='ltr'><em>republica</em></span> <span class='ocrx_word' id='word_1_72' title='bbox 332 879 410 938; x_wconf 59' lang='lat' dir='ltr'>effe,</span> <span class='ocrx_word' id='word_1_73' title='bbox 429 893 473 924; x_wconf 79' lang='lat' dir='ltr'>vt</span> <span class='ocrx_word' id='word_1_74' title='bbox 491 884 534 922; x_wconf 87' lang='lat' dir='ltr'>in</span> <span class='ocrx_word' id='word_1_75' title='bbox 566 881 699 923; x_wconf 81' lang='lat' dir='ltr'>iisdem</span> <span class='ocrx_word' id='word_1_76' title='bbox 726 885 818 923; x_wconf 79' lang='lat' dir='ltr'>locis</span> 
     </span>
     <span class='ocr_line' id='line_1_16' title="bbox 75 939 817 979; baseline 0.001 -2"><span class='ocrx_word' id='word_1_77' title='bbox 75 939 289 978; x_wconf 78' lang='lat' dir='ltr'>exercitum</span> <span class='ocrx_word' id='word_1_78' title='bbox 312 941 535 979; x_wconf 76' lang='lat' dir='ltr'>contineres.</span> <span class='ocrx_word' id='word_1_79' title='bbox 619 942 722 978; x_wconf 87' lang='lat' dir='ltr'>Haec</span> <span class='ocrx_word' id='word_1_80' title='bbox 753 954 817 979; x_wconf 89' lang='lat' dir='ltr'>ne-</span> 
     </span>
     <span class='ocr_line' id='line_1_17' title="bbox 75 993 816 1048; baseline 0.004 -15"><span class='ocrx_word' id='word_1_81' title='bbox 75 1007 151 1048; x_wconf 88' lang='lat' dir='ltr'>que</span> <span class='ocrx_word' id='word_1_82' title='bbox 171 993 317 1035; x_wconf 86' lang='lat' dir='ltr'>senatus</span> <span class='ocrx_word' id='word_1_83' title='bbox 338 994 499 1035; x_wconf 88' lang='lat' dir='ltr'>consulti</span> <span class='ocrx_word' id='word_1_84' title='bbox 517 997 634 1036; x_wconf 88' lang='lat' dir='ltr'>verba</span> <span class='ocrx_word' id='word_1_85' title='bbox 645 994 816 1041; x_wconf 65' lang='lat' dir='ltr'>suntme-</span> 
     </span>
     <span class='ocr_line' id='line_1_18' title="bbox 76 1051 815 1107; baseline 0.004 -17"><span class='ocrx_word' id='word_1_86' title='bbox 76 1064 153 1106; x_wconf 79' lang='lat' dir='ltr'>que</span> <span class='ocrx_word' id='word_1_87' title='bbox 173 1051 424 1105; x_wconf 81' lang='lat' dir='ltr'>proconsulis,</span> <span class='ocrx_word' id='word_1_88' title='bbox 450 1052 513 1091; x_wconf 90' lang='lat' dir='ltr'>sed</span> <span class='ocrx_word' id='word_1_89' title='bbox 540 1055 682 1107; x_wconf 86' lang='lat' dir='ltr'>priuati</span> <span class='ocrx_word' id='word_1_90' title='bbox 711 1055 815 1093; x_wconf 86' lang='lat' dir='ltr'>Cice·</span> 
     </span>
     <span class='ocr_line' id='line_1_19' title="bbox 75 1107 815 1156; baseline 0 -7"><span class='ocrx_word' id='word_1_91' title='bbox 75 1110 197 1156; x_wconf 76' lang='lat' dir='ltr'>tonis,</span> <span class='ocrx_word' id='word_1_92' title='bbox 215 1110 257 1147; x_wconf 89' lang='lat' dir='ltr'>in</span> <span class='ocrx_word' id='word_1_93' title='bbox 275 1107 403 1149; x_wconf 88' lang='lat' dir='ltr'>senatu</span> <span class='ocrx_word' id='word_1_94' title='bbox 437 1108 660 1150; x_wconf 82' lang='lat' dir='ltr'>sententiam</span> <span class='ocrx_word' id='word_1_95' title='bbox 691 1109 815 1149; x_wconf 87' lang='lat' dir='ltr'>dicen-</span> 
     </span>
     <span class='ocr_line' id='line_1_20' title="bbox 74 1166 816 1216; baseline 0.001 -10"><span class='ocrx_word' id='word_1_96' title='bbox 74 1166 136 1206; x_wconf 78' lang='lat' dir='ltr'>tis.</span> <span class='ocrx_word' id='word_1_97' title='bbox 167 1179 233 1205; x_wconf 88' lang='lat' dir='ltr'>cur</span> <span class='ocrx_word' id='word_1_98' title='bbox 253 1167 370 1216; x_wconf 83' lang='lat' dir='ltr'>igitur</span> <span class='ocrx_word' id='word_1_99' title='bbox 387 1168 427 1204; x_wconf 90' lang='lat' dir='ltr'>in</span> <span class='ocrx_word' id='word_1_100' title='bbox 450 1167 518 1206; x_wconf 86' lang='lat' dir='ltr'>hac</span> <span class='ocrx_word' id='word_1_101' title='bbox 537 1169 648 1206; x_wconf 90' lang='lat' dir='ltr'>etiam</span> <span class='ocrx_word' id='word_1_102' title='bbox 664 1167 711 1207; x_wconf 86' lang='lat' dir='ltr'>ad</span> <span class='ocrx_word' id='word_1_103' title='bbox 724 1171 816 1207; x_wconf 83' lang='lat' dir='ltr'>Len·</span> 
     </span>
     <span class='ocr_line' id='line_1_21' title="bbox 75 1220 815 1277; baseline 0.001 -14"><span class='ocrx_word' id='word_1_104' title='bbox 75 1220 200 1263; x_wconf 76' lang='lat' dir='ltr'>tulum</span> <span class='ocrx_word' id='word_1_105' title='bbox 222 1222 378 1277; x_wconf 86' lang='lat' dir='ltr'>epistola</span> <span class='ocrx_word' id='word_1_106' title='bbox 412 1222 538 1263; x_wconf 89' lang='lat' dir='ltr'>locum</span> <span class='ocrx_word' id='word_1_107' title='bbox 569 1225 713 1264; x_wconf 88' lang='lat' dir='ltr'>habere&#39;</span> <span class='ocrx_word' id='word_1_108' title='bbox 735 1239 815 1264; x_wconf 87' lang='lat' dir='ltr'>non</span> 
     </span>
     <span class='ocr_line' id='line_1_22' title="bbox 75 1279 815 1335; baseline 0.003 -17"><span class='ocrx_word' id='word_1_109' title='bbox 75 1279 237 1335; x_wconf 78' lang='lat' dir='ltr'>pollint3</span> <span class='ocrx_word' id='word_1_110' title='bbox 267 1282 313 1319; x_wconf 89' lang='lat' dir='ltr'>At</span> <span class='ocrx_word' id='word_1_111' title='bbox 333 1279 422 1320; x_wconf 85' lang='lat' dir='ltr'>libri</span> <span class='ocrx_word' id='word_1_112' title='bbox 445 1291 590 1320; x_wconf 77' lang='lat' dir='ltr'>veteres</span> <span class='ocrx_word' id='word_1_113' title='bbox 617 1280 815 1320; x_wconf 84' lang='lat' dir='ltr'>aduersan-</span> 
     </span>
     <span class='ocr_line' id='line_1_23' title="bbox 76 1336 814 1378; baseline 0.003 -2"><span class='ocrx_word' id='word_1_114' title='bbox 76 1346 141 1376; x_wconf 84' lang='lat' dir='ltr'>tur</span> <span class='ocrx_word' id='word_1_115' title='bbox 168 1350 311 1376; x_wconf 72' lang='lat' dir='ltr'>omues.</span> <span class='ocrx_word' id='word_1_116' title='bbox 396 1336 674 1377; x_wconf 79' lang='lat' dir='ltr'>Dissimulamus</span> <span class='ocrx_word' id='word_1_117' title='bbox 702 1340 744 1376; x_wconf 88' lang='lat' dir='ltr'>in</span> <span class='ocrx_word' id='word_1_118' title='bbox 772 1353 814 1378; x_wconf 87' lang='lat' dir='ltr'>re</span> 
     </span>
     <span class='ocr_line' id='line_1_24' title="bbox 75 1392 815 1446; baseline 0.001 -13"><span class='ocrx_word' id='word_1_119' title='bbox 75 1402 179 1434; x_wconf 84' lang='lat' dir='ltr'>nota.</span> <span class='ocrx_word' id='word_1_120' title='bbox 207 1407 320 1446; x_wconf 87' lang='lat' dir='ltr'>quam</span> <span class='ocrx_word' id='word_1_121' title='bbox 336 1392 454 1433; x_wconf 88' lang='lat' dir='ltr'>multa</span> <span class='ocrx_word' id='word_1_122' title='bbox 476 1397 575 1433; x_wconf 89' lang='lat' dir='ltr'>enim</span> <span class='ocrx_word' id='word_1_123' title='bbox 601 1405 733 1434; x_wconf 80' lang='lat' dir='ltr'>contra</span> <span class='ocrx_word' id='word_1_124' title='bbox 754 1410 815 1434; x_wconf 88' lang='lat' dir='ltr'>ve-</span> 
     </span>
     <span class='ocr_line' id='line_1_25' title="bbox 75 1449 816 1500; baseline 0.001 -10"><span class='ocrx_word' id='word_1_125' title='bbox 75 1459 201 1490; x_wconf 82' lang='lat' dir='ltr'>terum</span> <span class='ocrx_word' id='word_1_126' title='bbox 223 1449 412 1489; x_wconf 84' lang='lat' dir='ltr'>librorum</span> <span class='ocrx_word' id='word_1_127' title='bbox 443 1453 722 1500; x_wconf 72' lang='lat' dir='ltr'>au6‘writatem,</span> <span class='ocrx_word' id='word_1_128' title='bbox 753 1451 816 1491; x_wconf 85' lang='lat' dir='ltr'>ad-</span> 
     </span>
     <span class='ocr_line' id='line_1_26' title="bbox 75 1507 816 1562; baseline 0.001 -15"><span class='ocrx_word' id='word_1_129' title='bbox 75 1508 233 1547; x_wconf 85' lang='lat' dir='ltr'>iuuante</span> <span class='ocrx_word' id='word_1_130' title='bbox 253 1508 421 1554; x_wconf 87' lang='lat' dir='ltr'>historia,</span> <span class='ocrx_word' id='word_1_131' title='bbox 443 1507 640 1555; x_wconf 87' lang='lat' dir='ltr'>sententia,</span> <span class='ocrx_word' id='word_1_132' title='bbox 663 1508 741 1562; x_wconf 82' lang='lat' dir='ltr'>ipsa</span> <span class='ocrx_word' id='word_1_133' title='bbox 765 1520 816 1548; x_wconf 86' lang='lat' dir='ltr'>et-</span> 
     </span>
     <span class='ocr_line' id='line_1_27' title="bbox 76 1563 817 1615; baseline 0.001 -11"><span class='ocrx_word' id='word_1_134' title='bbox 76 1564 154 1605; x_wconf 85' lang='lat' dir='ltr'>iam</span> <span class='ocrx_word' id='word_1_135' title='bbox 185 1566 306 1603; x_wconf 79' lang='lat' dir='ltr'>Latini</span> <span class='ocrx_word' id='word_1_136' title='bbox 335 1563 518 1603; x_wconf 84' lang='lat' dir='ltr'>sermonis</span> <span class='ocrx_word' id='word_1_137' title='bbox 548 1563 699 1615; x_wconf 85' lang='lat' dir='ltr'>regula,</span> <span class='ocrx_word' id='word_1_138' title='bbox 736 1581 817 1605; x_wconf 90' lang='lat' dir='ltr'>non</span> 
     </span>
     <span class='ocr_line' id='line_1_28' title="bbox 75 1619 817 1675; baseline 0.003 -15"><span class='ocrx_word' id='word_1_139' title='bbox 75 1619 195 1660; x_wconf 85' lang='lat' dir='ltr'>modo</span> <span class='ocrx_word' id='word_1_140' title='bbox 225 1622 299 1660; x_wconf 87' lang='lat' dir='ltr'>fine</span> <span class='ocrx_word' id='word_1_141' title='bbox 334 1621 646 1675; x_wconf 83' lang='lat' dir='ltr'>reprehenfione,</span> <span class='ocrx_word' id='word_1_142' title='bbox 681 1637 817 1662; x_wconf 87' lang='lat' dir='ltr'>verum</span> 
     </span>
     <span class='ocr_line' id='line_1_29' title="bbox 75 1676 820 1719; baseline 0.001 -1"><span class='ocrx_word' id='word_1_143' title='bbox 75 1679 190 1718; x_wconf 81' lang='lat' dir='ltr'>etiam</span> <span class='ocrx_word' id='word_1_144' title='bbox 211 1691 294 1717; x_wconf 87' lang='lat' dir='ltr'>cum</span> <span class='ocrx_word' id='word_1_145' title='bbox 326 1676 435 1716; x_wconf 89' lang='lat' dir='ltr'>laude</span> <span class='ocrx_word' id='word_1_146' title='bbox 457 1677 597 1717; x_wconf 85' lang='lat' dir='ltr'>summa</span> <span class='ocrx_word' id='word_1_147' title='bbox 620 1678 722 1718; x_wconf 72' lang='lat' dir='ltr'>doc‘ti</span> <span class='ocrx_word' id='word_1_148' title='bbox 752 1680 820 1719; x_wconf 89' lang='lat' dir='ltr'>ho-</span> 
     </span>
     <span class='ocr_line' id='line_1_30' title="bbox 77 1735 816 1776; baseline 0.003 -2"><span class='ocrx_word' id='word_1_149' title='bbox 77 1736 198 1774; x_wconf 79' lang='lat' dir='ltr'>mines</span> <span class='ocrx_word' id='word_1_150' title='bbox 212 1735 479 1774; x_wconf 79' lang='lat' dir='ltr'>immutarunt.</span> <span class='ocrx_word' id='word_1_151' title='bbox 493 1735 587 1774; x_wconf 89' lang='lat' dir='ltr'>mihi</span> <span class='ocrx_word' id='word_1_152' title='bbox 607 1735 692 1775; x_wconf 86' lang='lat' dir='ltr'>sane</span> <span class='ocrx_word' id='word_1_153' title='bbox 713 1737 816 1776; x_wconf 82' lang='lat' dir='ltr'>vide-</span> 
     </span>
     <span class='ocr_line' id='line_1_31' title="bbox 76 1793 817 1838; baseline 0 -6"><span class='ocrx_word' id='word_1_154' title='bbox 76 1800 152 1837; x_wconf 88' lang='lat' dir='ltr'>tur,</span> <span class='ocrx_word' id='word_1_155' title='bbox 179 1801 220 1830; x_wconf 84' lang='lat' dir='ltr'>vt</span> <span class='ocrx_word' id='word_1_156' title='bbox 239 1794 278 1830; x_wconf 88' lang='lat' dir='ltr'>in</span> <span class='ocrx_word' id='word_1_157' title='bbox 301 1793 406 1830; x_wconf 87' lang='lat' dir='ltr'>omni</span> <span class='ocrx_word' id='word_1_158' title='bbox 427 1805 480 1838; x_wconf 90' lang='lat' dir='ltr'>re,</span> <span class='ocrx_word' id='word_1_159' title='bbox 506 1793 552 1831; x_wconf 87' lang='lat' dir='ltr'>fic</span> <span class='ocrx_word' id='word_1_160' title='bbox 585 1794 626 1831; x_wconf 90' lang='lat' dir='ltr'>in</span> <span class='ocrx_word' id='word_1_161' title='bbox 660 1793 733 1832; x_wconf 89' lang='lat' dir='ltr'>hoc</span> <span class='ocrx_word' id='word_1_162' title='bbox 760 1796 817 1832; x_wconf 88' lang='lat' dir='ltr'>in-</span> 
     </span>
     <span class='ocr_line' id='line_1_32' title="bbox 78 1847 816 1905; baseline 0.004 -18"><span class='ocrx_word' id='word_1_163' title='bbox 78 1847 238 1887; x_wconf 83' lang='lat' dir='ltr'>dustriae</span> <span class='ocrx_word' id='word_1_164' title='bbox 261 1861 411 1896; x_wconf 74' lang='lat' dir='ltr'>genere,</span> <span class='ocrx_word' id='word_1_165' title='bbox 431 1848 568 1888; x_wconf 81' lang='lat' dir='ltr'>modus</span> <span class='ocrx_word' id='word_1_166' title='bbox 589 1850 745 1905; x_wconf 76' lang='lat' dir='ltr'>quidam</span> <span class='ocrx_word' id='word_1_167' title='bbox 765 1850 816 1890; x_wconf 85' lang='lat' dir='ltr'>es-</span> 
     </span>
     <span class='ocr_line' id='line_1_33' title="bbox 77 1903 817 1959; baseline 0 -13"><span class='ocrx_word' id='word_1_168' title='bbox 77 1903 134 1946; x_wconf 86' lang='lat' dir='ltr'>se:</span> <span class='ocrx_word' id='word_1_169' title='bbox 176 1917 216 1944; x_wconf 83' lang='lat' dir='ltr'>vt</span> <span class='ocrx_word' id='word_1_170' title='bbox 254 1903 360 1944; x_wconf 82' lang='lat' dir='ltr'>libris</span> <span class='ocrx_word' id='word_1_171' title='bbox 393 1904 547 1958; x_wconf 84' lang='lat' dir='ltr'>quidem</span> <span class='ocrx_word' id='word_1_172' title='bbox 575 1908 741 1959; x_wconf 82' lang='lat' dir='ltr'>antiquis</span> <span class='ocrx_word' id='word_1_173' title='bbox 776 1908 817 1946; x_wconf 93' lang='lat' dir='ltr'>in</span> 
     </span>
     <span class='ocr_line' id='line_1_34' title="bbox 78 1962 816 2016; baseline 0 -14"><span class='ocrx_word' id='word_1_174' title='bbox 78 1963 305 2011; x_wconf 76' lang='lat' dir='ltr'>corrigendo</span> <span class='ocrx_word' id='word_1_175' title='bbox 341 1973 511 2009; x_wconf 80' lang='lat' dir='ltr'>vtamur,</span> <span class='ocrx_word' id='word_1_176' title='bbox 543 1962 583 2001; x_wconf 92' lang='lat' dir='ltr'>id</span> <span class='ocrx_word' id='word_1_177' title='bbox 609 1963 716 2016; x_wconf 92' lang='lat' dir='ltr'>quod</span> <span class='ocrx_word' id='word_1_178' title='bbox 745 1977 816 2013; x_wconf 85' lang='lat' dir='ltr'>ego</span> 
     </span>
     <span class='ocr_line' id='line_1_35' title="bbox 78 2017 818 2068; baseline 0.001 -10"><span class='ocrx_word' id='word_1_179' title='bbox 78 2017 280 2068; x_wconf 82' lang='lat' dir='ltr'>diligenter</span> <span class='ocrx_word' id='word_1_180' title='bbox 298 2018 421 2065; x_wconf 88' lang='lat' dir='ltr'>seruo,</span> <span class='ocrx_word' id='word_1_181' title='bbox 440 2031 586 2058; x_wconf 82' lang='lat' dir='ltr'>mutare</span> <span class='ocrx_word' id='word_1_182' title='bbox 615 2030 741 2059; x_wconf 83' lang='lat' dir='ltr'>tamen</span> <span class='ocrx_word' id='word_1_183' title='bbox 773 2034 818 2059; x_wconf 83' lang='lat' dir='ltr'>ex</span> 
     </span>
     <span class='ocr_line' id='line_1_36' title="bbox 78 2074 818 2129; baseline 0 -13"><span class='ocrx_word' id='word_1_184' title='bbox 78 2078 248 2125; x_wconf 81' lang='lat' dir='ltr'>ingenio,</span> <span class='ocrx_word' id='word_1_185' title='bbox 295 2076 516 2115; x_wconf 63' lang='lat' dir='ltr'>doclrinaue</span> <span class='ocrx_word' id='word_1_186' title='bbox 563 2074 707 2129; x_wconf 86' lang='lat' dir='ltr'>aliquid</span> <span class='ocrx_word' id='word_1_187' title='bbox 752 2076 818 2116; x_wconf 81' lang='lat' dir='ltr'>ali-</span> 
     </span>
     <span class='ocr_line' id='line_1_37' title="bbox 78 2130 818 2187; baseline 0.003 -16"><span class='ocrx_word' id='word_1_188' title='bbox 78 2133 234 2187; x_wconf 83' lang='lat' dir='ltr'>quando</span> <span class='ocrx_word' id='word_1_189' title='bbox 254 2130 376 2179; x_wconf 81' lang='lat' dir='ltr'>liceat,</span> <span class='ocrx_word' id='word_1_190' title='bbox 396 2131 456 2170; x_wconf 88' lang='lat' dir='ltr'>sed</span> <span class='ocrx_word' id='word_1_191' title='bbox 478 2135 529 2172; x_wconf 85' lang='lat' dir='ltr'>ita</span> <span class='ocrx_word' id='word_1_192' title='bbox 549 2147 673 2185; x_wconf 85' lang='lat' dir='ltr'>parce,</span> <span class='ocrx_word' id='word_1_193' title='bbox 696 2144 734 2173; x_wconf 91' lang='lat' dir='ltr'>et</span> <span class='ocrx_word' id='word_1_194' title='bbox 756 2148 818 2173; x_wconf 86' lang='lat' dir='ltr'>ve-</span> 
     </span>
     <span class='ocr_line' id='line_1_38' title="bbox 78 2189 817 2238; baseline 0 -8"><span class='ocrx_word' id='word_1_195' title='bbox 78 2189 255 2236; x_wconf 86' lang='lat' dir='ltr'>recunde,</span> <span class='ocrx_word' id='word_1_196' title='bbox 280 2204 327 2227; x_wconf 87' lang='lat' dir='ltr'>ne</span> <span class='ocrx_word' id='word_1_197' title='bbox 358 2189 574 2238; x_wconf 77' lang='lat' dir='ltr'>corrigendi</span> <span class='ocrx_word' id='word_1_198' title='bbox 595 2189 748 2230; x_wconf 81' lang='lat' dir='ltr'>libertas</span> <span class='ocrx_word' id='word_1_199' title='bbox 769 2191 817 2230; x_wconf 87' lang='lat' dir='ltr'>ad</span> 
     </span>
     <span class='ocr_line' id='line_1_39' title="bbox 80 2245 814 2297; baseline 0.001 -11"><span class='ocrx_word' id='word_1_200' title='bbox 80 2249 329 2286; x_wconf 77' lang='lat' dir='ltr'>temeritatem</span> <span class='ocrx_word' id='word_1_201' title='bbox 379 2245 569 2297; x_wconf 71' lang='lat' dir='ltr'>progressa</span> <span class='ocrx_word' id='word_1_202' title='bbox 627 2247 814 2287; x_wconf 85' lang='lat' dir='ltr'>videatur.</span> 
     </span>
     <span class='ocr_line' id='line_1_40' title="bbox 80 2301 816 2357; baseline 0.003 -15"><span class='ocrx_word' id='word_1_203' title='bbox 80 2317 194 2357; x_wconf 71' lang='lat' dir='ltr'>quam</span> <span class='ocrx_word' id='word_1_204' title='bbox 215 2304 264 2341; x_wconf 90' lang='lat' dir='ltr'>ob</span> <span class='ocrx_word' id='word_1_205' title='bbox 287 2301 445 2341; x_wconf 77' lang='lat' dir='ltr'>causs&#39;am</span> <span class='ocrx_word' id='word_1_206' title='bbox 466 2313 634 2342; x_wconf 85' lang='lat' dir='ltr'>veterem</span> <span class='ocrx_word' id='word_1_207' title='bbox 648 2305 708 2342; x_wconf 88' lang='lat' dir='ltr'>hic</span> <span class='ocrx_word' id='word_1_208' title='bbox 730 2305 816 2344; x_wconf 83' lang='lat' dir='ltr'>scri-</span> 
     </span>
     <span class='ocr_line' id='line_1_41' title="bbox 79 2359 815 2415; baseline 0.004 -16"><span class='ocrx_word' id='word_1_209' title='bbox 79 2371 229 2415; x_wconf 79' lang='lat' dir='ltr'>pturam</span> <span class='ocrx_word' id='word_1_210' title='bbox 259 2362 459 2399; x_wconf 59' lang='lat' dir='ltr'>immutare</span> <span class='ocrx_word' id='word_1_211' title='bbox 488 2359 702 2400; x_wconf 84' lang='lat' dir='ltr'>noluimus:</span> <span class='ocrx_word' id='word_1_212' title='bbox 736 2372 815 2401; x_wconf 86' lang='lat' dir='ltr'>tan·</span> 
     </span>
     <span class='ocr_line' id='line_1_42' title="bbox 81 2415 816 2472; baseline 0.003 -16"><span class='ocrx_word' id='word_1_213' title='bbox 81 2427 160 2457; x_wconf 81' lang='lat' dir='ltr'>tum</span> <span class='ocrx_word' id='word_1_214' title='bbox 183 2415 349 2463; x_wconf 80' lang='lat' dir='ltr'>fecimus,</span> <span class='ocrx_word' id='word_1_215' title='bbox 374 2428 415 2455; x_wconf 78' lang='lat' dir='ltr'>vt</span> <span class='ocrx_word' id='word_1_216' title='bbox 432 2416 712 2456; x_wconf 81' lang='lat' dir='ltr'>ostenderemus</span> <span class='ocrx_word' id='word_1_217' title='bbox 734 2421 816 2472; x_wconf 84' lang='lat' dir='ltr'>opi-</span> 
     </span>
     <span class='ocr_line' id='line_1_43' title="bbox 78 2474 815 2526; baseline 0 -12"><span class='ocrx_word' id='word_1_218' title='bbox 78 2476 235 2514; x_wconf 78' lang='lat' dir='ltr'>nionem</span> <span class='ocrx_word' id='word_1_219' title='bbox 277 2474 463 2512; x_wconf 87' lang='lat' dir='ltr'>nostram:</span> <span class='ocrx_word' id='word_1_220' title='bbox 511 2486 625 2526; x_wconf 89' lang='lat' dir='ltr'>quam</span> <span class='ocrx_word' id='word_1_221' title='bbox 660 2489 728 2514; x_wconf 87' lang='lat' dir='ltr'>nec</span> <span class='ocrx_word' id='word_1_222' title='bbox 768 2477 815 2514; x_wconf 77' lang='lat' dir='ltr'>iis</span> 
     </span>
     <span class='ocr_line' id='line_1_44' title="bbox 79 2531 816 2584; baseline 0.004 -15"><span class='ocrx_word' id='word_1_223' title='bbox 79 2531 305 2583; x_wconf 79' lang='lat' dir='ltr'>improbari,</span> <span class='ocrx_word' id='word_1_224' title='bbox 329 2531 395 2581; x_wconf 91' lang='lat' dir='ltr'>qui</span> <span class='ocrx_word' id='word_1_225' title='bbox 421 2543 497 2568; x_wconf 89' lang='lat' dir='ltr'>non</span> <span class='ocrx_word' id='word_1_226' title='bbox 520 2540 680 2577; x_wconf 86' lang='lat' dir='ltr'>temere,</span> <span class='ocrx_word' id='word_1_227' title='bbox 710 2545 816 2584; x_wconf 84' lang='lat' dir='ltr'>prae-</span> 
     </span>
     <span class='ocr_line' id='line_1_45' title="bbox 78 2586 814 2640; baseline 0.001 -13"><span class='ocrx_word' id='word_1_228' title='bbox 78 2597 137 2627; x_wconf 84' lang='lat' dir='ltr'>ter</span> <span class='ocrx_word' id='word_1_229' title='bbox 160 2586 235 2633; x_wconf 84' lang='lat' dir='ltr'>sua,</span> <span class='ocrx_word' id='word_1_230' title='bbox 259 2586 464 2639; x_wconf 82' lang='lat' dir='ltr'>quidquam</span> <span class='ocrx_word' id='word_1_231' title='bbox 485 2587 662 2640; x_wconf 88' lang='lat' dir='ltr'>probant,</span> <span class='ocrx_word' id='word_1_232' title='bbox 690 2602 735 2627; x_wconf 84' lang='lat' dir='ltr'>ex</span> <span class='ocrx_word' id='word_1_233' title='bbox 766 2603 814 2628; x_wconf 91' lang='lat' dir='ltr'>eo</span> 
     </span>
    </p>

    <p class='ocr_par' dir='ltr' id='par_1_4' title="bbox 78 2642 815 2800">
     <span class='ocr_line' id='line_1_46' title="bbox 106 2642 815 2698; baseline 0.001 -15"><span class='ocrx_word' id='word_1_234' title='bbox 106 2642 270 2683; x_wconf 66' lang='lat' dir='ltr'>offumus</span> <span class='ocrx_word' id='word_1_235' title='bbox 291 2644 498 2690; x_wconf 87' lang='lat' dir='ltr'>coniicere,</span> <span class='ocrx_word' id='word_1_236' title='bbox 533 2643 651 2696; x_wconf 88' lang='lat' dir='ltr'>quod,</span> <span class='ocrx_word' id='word_1_237' title='bbox 683 2645 709 2684; x_wconf 87' lang='lat' dir='ltr'>fi</span> <span class='ocrx_word' id='word_1_238' title='bbox 739 2659 815 2698; x_wconf 90' lang='lat' dir='ltr'>qua</span> 
     </span>
     <span class='ocr_line' id='line_1_47' title="bbox 78 2657 815 2751; baseline 0.003 -10"><span class='ocrx_word' id='word_1_239' title='bbox 78 2657 160 2741; x_wconf 62' lang='lat' dir='ltr'>laus</span> <span class='ocrx_word' id='word_1_240' title='bbox 190 2701 429 2739; x_wconf 58' lang='lat' dir='ltr'>coniecturae</span> <span class='ocrx_word' id='word_1_241' title='bbox 456 2701 605 2740; x_wconf 89' lang='lat' dir='ltr'>nostrae</span> <span class='ocrx_word' id='word_1_242' title='bbox 641 2699 815 2751; x_wconf 88' lang='lat' dir='ltr'>debetur,</span> 
     </span>
     <span class='ocr_line' id='line_1_48' title="bbox 80 2756 814 2800; baseline 0.001 -1"><span class='ocrx_word' id='word_1_243' title='bbox 80 2771 165 2799; x_wconf 80' lang='lat' dir='ltr'>eam</span> <span class='ocrx_word' id='word_1_244' title='bbox 184 2756 262 2798; x_wconf 88' lang='lat' dir='ltr'>alio</span> <span class='ocrx_word' id='word_1_245' title='bbox 283 2756 488 2799; x_wconf 83' lang='lat' dir='ltr'>transferre</span> <span class='ocrx_word' id='word_1_246' title='bbox 507 2768 704 2799; x_wconf 79' lang='lat' dir='ltr'>conantur.</span> <span class='ocrx_word' id='word_1_247' title='bbox 744 2761 814 2800; x_wconf 89' lang='lat' dir='ltr'>Ni-</span> 
     </span>
    </p>
   </div>
   <div class='ocr_carea' id='block_1_4' title="bbox 785 598 827 650">
    <p class='ocr_par' dir='ltr' id='par_1_5' title="bbox 785 598 827 650">
     <span class='ocr_line' id='line_1_49' title="bbox 785 598 827 650; textangle 90"><span class='ocrx_word' id='word_1_248' title='bbox 785 598 827 650; x_wconf 44' lang='grc' dir='ltr'>Ἢ</span> 
     </span>
    </p>
   </div>
   <div class='ocr_carea' id='block_1_5' title="bbox 1577 104 1632 147">
    <p class='ocr_par' dir='ltr' id='par_1_6' title="bbox 1577 104 1632 147">
     <span class='ocr_line' id='line_1_50' title="bbox 1577 104 1632 147; baseline 0 0"><span class='ocrx_word' id='word_1_249' title='bbox 1577 104 1632 147; x_wconf 80' lang='lat'>²9</span> 
     </span>
    </p>
   </div>
   <div class='ocr_carea' id='block_1_6' title="bbox 857 197 1667 2868">
    <p class='ocr_par' dir='ltr' id='par_1_7' title="bbox 872 197 1624 995">
     <span class='ocr_line' id='line_1_51' title="bbox 877 197 1623 254; baseline 0.005 -15"><span class='ocrx_word' id='word_1_250' title='bbox 877 201 1032 247; x_wconf 87' lang='lat' dir='ltr'>mirum,</span> <span class='ocrx_word' id='word_1_251' title='bbox 1069 197 1117 239; x_wconf 90' lang='lat' dir='ltr'>ad</span> <span class='ocrx_word' id='word_1_252' title='bbox 1146 201 1231 239; x_wconf 76' lang='lat' dir='ltr'>istas</span> <span class='ocrx_word' id='word_1_253' title='bbox 1266 211 1365 241; x_wconf 73' lang='lat' dir='ltr'>artes</span> <span class='ocrx_word' id='word_1_254' title='bbox 1403 199 1623 254; x_wconf 81' lang='lat' dir='ltr'>confugere,</span> 
     </span>
     <span class='ocr_line' id='line_1_52' title="bbox 877 256 1622 300; baseline 0.005 -4"><span class='ocrx_word' id='word_1_255' title='bbox 877 267 915 296; x_wconf 86' lang='lat' dir='ltr'>et</span> <span class='ocrx_word' id='word_1_256' title='bbox 935 256 1070 296; x_wconf 71' lang='lat' dir='ltr'>alienis</span> <span class='ocrx_word' id='word_1_257' title='bbox 1102 256 1300 298; x_wconf 80' lang='lat' dir='ltr'>laboribus</span> <span class='ocrx_word' id='word_1_258' title='bbox 1327 258 1516 299; x_wconf 86' lang='lat' dir='ltr'>honorem</span> <span class='ocrx_word' id='word_1_259' title='bbox 1541 272 1622 300; x_wconf 82' lang='lat' dir='ltr'>ere·</span> 
     </span>
     <span class='ocr_line' id='line_1_53' title="bbox 875 311 1620 367; baseline 0.007 -15"><span class='ocrx_word' id='word_1_260' title='bbox 875 324 984 367; x_wconf 83' lang='lat' dir='ltr'>ptum</span> <span class='ocrx_word' id='word_1_261' title='bbox 1012 311 1123 361; x_wconf 85' lang='lat' dir='ltr'>velle,</span> <span class='ocrx_word' id='word_1_262' title='bbox 1144 313 1267 367; x_wconf 79' lang='lat' dir='ltr'>pufilli</span> <span class='ocrx_word' id='word_1_263' title='bbox 1285 317 1404 355; x_wconf 88' lang='lat' dir='ltr'>animi</span> <span class='ocrx_word' id='word_1_264' title='bbox 1433 317 1505 356; x_wconf 87' lang='lat' dir='ltr'>est:</span> <span class='ocrx_word' id='word_1_265' title='bbox 1539 331 1620 357; x_wconf 85' lang='lat' dir='ltr'>non</span> 
     </span>
     <span class='ocr_line' id='line_1_54' title="bbox 876 370 1624 424; baseline 0.008 -16"><span class='ocrx_word' id='word_1_266' title='bbox 876 373 980 409; x_wconf 89' lang='lat' dir='ltr'>enim</span> <span class='ocrx_word' id='word_1_267' title='bbox 998 370 1147 418; x_wconf 84' lang='lat' dir='ltr'>addam,</span> <span class='ocrx_word' id='word_1_268' title='bbox 1171 383 1209 411; x_wconf 83' lang='lat' dir='ltr'>ct</span> <span class='ocrx_word' id='word_1_269' title='bbox 1238 374 1320 424; x_wconf 70' lang='lat' dir='ltr'>ipsa</span> <span class='ocrx_word' id='word_1_270' title='bbox 1347 373 1624 414; x_wconf 80' lang='lat' dir='ltr'>maleuolemia</span> 
     </span>
     <span class='ocr_line' id='line_1_55' title="bbox 874 427 1618 480; baseline 0.005 -14"><span class='ocrx_word' id='word_1_271' title='bbox 874 428 1017 466; x_wconf 81' lang='lat' dir='ltr'>ieiuni:</span> <span class='ocrx_word' id='word_1_272' title='bbox 1045 427 1150 480; x_wconf 89' lang='lat' dir='ltr'>quod</span> <span class='ocrx_word' id='word_1_273' title='bbox 1172 430 1311 469; x_wconf 72' lang='lat' dir='ltr'>Cicero</span> <span class='ocrx_word' id='word_1_274' title='bbox 1332 428 1478 470; x_wconf 88' lang='lat' dir='ltr'>addidit</span> <span class='ocrx_word' id='word_1_275' title='bbox 1503 432 1543 470; x_wconf 90' lang='lat' dir='ltr'>in</span> <span class='ocrx_word' id='word_1_276' title='bbox 1575 445 1618 470; x_wconf 89' lang='lat' dir='ltr'>re</span> 
     </span>
     <span class='ocr_line' id='line_1_56' title="bbox 873 482 1617 538; baseline 0.009 -17"><span class='ocrx_word' id='word_1_277' title='bbox 873 496 954 522; x_wconf 88' lang='lat' dir='ltr'>non</span> <span class='ocrx_word' id='word_1_278' title='bbox 973 482 1149 523; x_wconf 82' lang='lat' dir='ltr'>dissimili.</span> <span class='ocrx_word' id='word_1_279' title='bbox 1178 498 1302 538; x_wconf 85' lang='lat' dir='ltr'>neque</span> <span class='ocrx_word' id='word_1_280' title='bbox 1329 501 1429 526; x_wconf 91' lang='lat' dir='ltr'>nunc</span> <span class='ocrx_word' id='word_1_281' title='bbox 1463 487 1509 528; x_wconf 91' lang='lat' dir='ltr'>de</span> <span class='ocrx_word' id='word_1_282' title='bbox 1529 502 1617 528; x_wconf 84' lang='lat' dir='ltr'>meo</span> 
     </span>
     <span class='ocr_line' id='line_1_57' title="bbox 873 538 1616 590; baseline 0.009 -12"><span class='ocrx_word' id='word_1_283' title='bbox 873 541 957 579; x_wconf 81' lang='lat' dir='ltr'>iure</span> <span class='ocrx_word' id='word_1_284' title='bbox 978 538 1156 590; x_wconf 82' lang='lat' dir='ltr'>litigabo:</span> <span class='ocrx_word' id='word_1_285' title='bbox 1201 541 1331 581; x_wconf 86' lang='lat' dir='ltr'>malim</span> <span class='ocrx_word' id='word_1_286' title='bbox 1358 543 1479 583; x_wconf 82' lang='lat' dir='ltr'>caussa</span> <span class='ocrx_word' id='word_1_287' title='bbox 1509 545 1616 586; x_wconf 77' lang='lat' dir='ltr'>cade-</span> 
     </span>
     <span class='ocr_line' id='line_1_58' title="bbox 874 596 1617 650; baseline 0.009 -15"><span class='ocrx_word' id='word_1_288' title='bbox 874 610 929 647; x_wconf 83' lang='lat' dir='ltr'>re,</span> <span class='ocrx_word' id='word_1_289' title='bbox 950 611 1065 650; x_wconf 85' lang='lat' dir='ltr'>quam</span> <span class='ocrx_word' id='word_1_290' title='bbox 1086 599 1133 636; x_wconf 83' lang='lat' dir='ltr'>iis</span> <span class='ocrx_word' id='word_1_291' title='bbox 1157 596 1203 637; x_wconf 88' lang='lat' dir='ltr'>de</span> <span class='ocrx_word' id='word_1_292' title='bbox 1222 598 1397 641; x_wconf 85' lang='lat' dir='ltr'>rebus.in</span> <span class='ocrx_word' id='word_1_293' title='bbox 1419 601 1617 650; x_wconf 83' lang='lat' dir='ltr'>iudicium,</span> 
     </span>
     <span class='ocr_line' id='line_1_59' title="bbox 874 656 1617 711; baseline 0.009 -19"><span class='ocrx_word' id='word_1_294' title='bbox 874 656 1237 707; x_wconf 84' lang='lat' dir='ltr'>contentionemque</span> <span class='ocrx_word' id='word_1_295' title='bbox 1261 659 1416 706; x_wconf 86' lang='lat' dir='ltr'>venire,</span> <span class='ocrx_word' id='word_1_296' title='bbox 1452 672 1617 711; x_wconf 84' lang='lat' dir='ltr'>quarum</span> 
     </span>
     <span class='ocr_line' id='line_1_60' title="bbox 874 711 1617 766; baseline 0.008 -16"><span class='ocrx_word' id='word_1_297' title='bbox 874 711 998 750; x_wconf 70' lang='lat' dir='ltr'>studro</span> <span class='ocrx_word' id='word_1_298' title='bbox 1021 713 1045 750; x_wconf 82' lang='lat' dir='ltr'><strong>fi</strong></span> <span class='ocrx_word' id='word_1_299' title='bbox 1067 713 1139 751; x_wconf 89' lang='lat' dir='ltr'>hoc</span> <span class='ocrx_word' id='word_1_300' title='bbox 1159 711 1347 766; x_wconf 81' lang='lat' dir='ltr'>ass&#39;equor,</span> <span class='ocrx_word' id='word_1_301' title='bbox 1364 726 1406 754; x_wconf 90' lang='lat' dir='ltr'>vt</span> <span class='ocrx_word' id='word_1_302' title='bbox 1423 715 1535 757; x_wconf 77' lang='lat' dir='ltr'>bonis</span> <span class='ocrx_word' id='word_1_303' title='bbox 1556 715 1617 757; x_wconf 87' lang='lat' dir='ltr'>lit·</span> 
     </span>
     <span class='ocr_line' id='line_1_61' title="bbox 875 768 1617 823; baseline 0.007 -15"><span class='ocrx_word' id='word_1_304' title='bbox 875 771 966 808; x_wconf 86' lang='lat' dir='ltr'>teris</span> <span class='ocrx_word' id='word_1_305' title='bbox 986 782 1099 823; x_wconf 86' lang='lat' dir='ltr'>opem</span> <span class='ocrx_word' id='word_1_306' title='bbox 1118 768 1251 818; x_wconf 86' lang='lat' dir='ltr'>feram,</span> <span class='ocrx_word' id='word_1_307' title='bbox 1264 782 1385 811; x_wconf 83' lang='lat' dir='ltr'>cetera</span> <span class='ocrx_word' id='word_1_308' title='bbox 1406 786 1485 811; x_wconf 88' lang='lat' dir='ltr'>non</span> <span class='ocrx_word' id='word_1_309' title='bbox 1506 771 1617 813; x_wconf 84' lang='lat' dir='ltr'>valde</span> 
     </span>
     <span class='ocr_line' id='line_1_62' title="bbox 873 826 1616 884; baseline 0.008 -20"><span class='ocrx_word' id='word_1_310' title='bbox 873 827 1052 878; x_wconf 85' lang='lat' dir='ltr'>requiro:</span> <span class='ocrx_word' id='word_1_311' title='bbox 1078 827 1104 865; x_wconf 82' lang='lat' dir='ltr'><strong>fi</strong></span> <span class='ocrx_word' id='word_1_312' title='bbox 1125 826 1276 874; x_wconf 87' lang='lat' dir='ltr'>dantur,</span> <span class='ocrx_word' id='word_1_313' title='bbox 1298 830 1465 884; x_wconf 85' lang='lat' dir='ltr'>accipio:</span> <span class='ocrx_word' id='word_1_314' title='bbox 1494 830 1520 869; x_wconf 84' lang='lat' dir='ltr'>fi</span> <span class='ocrx_word' id='word_1_315' title='bbox 1545 832 1616 870; x_wconf 87' lang='lat' dir='ltr'>mi·</span> 
     </span>
     <span class='ocr_line' id='line_1_63' title="bbox 873 883 1615 932; baseline 0.008 -11"><span class='ocrx_word' id='word_1_316' title='bbox 873 896 959 930; x_wconf 81' lang='lat' dir='ltr'>nus,</span> <span class='ocrx_word' id='word_1_317' title='bbox 981 883 1219 925; x_wconf 86' lang='lat' dir='ltr'>vberrimum</span> <span class='ocrx_word' id='word_1_318' title='bbox 1249 895 1387 932; x_wconf 89' lang='lat' dir='ltr'>tamen,</span> <span class='ocrx_word' id='word_1_319' title='bbox 1410 899 1448 926; x_wconf 88' lang='lat' dir='ltr'>et</span> <span class='ocrx_word' id='word_1_320' title='bbox 1475 884 1615 928; x_wconf 87' lang='lat' dir='ltr'>suauis-</span> 
     </span>
     <span class='ocr_line' id='line_1_64' title="bbox 872 939 1615 995; baseline 0.012 -18"><span class='ocrx_word' id='word_1_321' title='bbox 872 941 1005 978; x_wconf 84' lang='lat' dir='ltr'>fimum</span> <span class='ocrx_word' id='word_1_322' title='bbox 1028 954 1073 980; x_wconf 81' lang='lat' dir='ltr'>ex</span> <span class='ocrx_word' id='word_1_323' title='bbox 1090 939 1169 995; x_wconf 85' lang='lat' dir='ltr'>ipsa</span> <span class='ocrx_word' id='word_1_324' title='bbox 1198 941 1424 983; x_wconf 82' lang='lat' dir='ltr'>conscientia</span> <span class='ocrx_word' id='word_1_325' title='bbox 1445 942 1615 986; x_wconf 68' lang='lat' dir='ltr'>fruehun</span> 
     </span>
    </p>

    <p class='ocr_par' dir='ltr' id='par_1_8' title="bbox 857 998 1667 2868">
     <span class='ocr_line' id='line_1_65' title="bbox 872 998 994 1051; baseline 0 -16"><span class='ocrx_word' id='word_1_326' title='bbox 872 998 994 1051; x_wconf 87' lang='lat' dir='ltr'>capio.</span> 
     </span>
     <span class='ocr_line' id='line_1_66' title="bbox 928 1051 1613 1110; baseline 0.007 -18"><span class='ocrx_word' id='word_1_327' title='bbox 928 1051 1141 1104; x_wconf 61' lang='lat' dir='ltr'>Am‘lorem]</span> <span class='ocrx_word' id='word_1_328' title='bbox 1172 1058 1222 1094; x_wconf 92' lang='lat' dir='ltr'>Vt</span> <span class='ocrx_word' id='word_1_329' title='bbox 1240 1055 1402 1110; x_wconf 72' lang='lat' dir='ltr'>restituti</span> <span class='ocrx_word' id='word_1_330' title='bbox 1425 1058 1524 1106; x_wconf 70' lang='lat' dir='ltr'>regi·</span> <span class='ocrx_word' id='word_1_331' title='bbox 1543 1056 1613 1097; x_wconf 86' lang='lat' dir='ltr'>ho·</span> 
     </span>
     <span class='ocr_line' id='line_1_67' title="bbox 871 1108 1615 1167; baseline 0.005 -18"><span class='ocrx_word' id='word_1_332' title='bbox 871 1123 957 1158; x_wconf 86' lang='lat' dir='ltr'>nor,</span> <span class='ocrx_word' id='word_1_333' title='bbox 978 1121 1015 1149; x_wconf 92' lang='lat' dir='ltr'>et</span> <span class='ocrx_word' id='word_1_334' title='bbox 1044 1108 1165 1160; x_wconf 85' lang='lat' dir='ltr'>gloria</span> <span class='ocrx_word' id='word_1_335' title='bbox 1190 1125 1306 1165; x_wconf 85' lang='lat' dir='ltr'>penes</span> <span class='ocrx_word' id='word_1_336' title='bbox 1334 1122 1372 1152; x_wconf 88' lang='lat' dir='ltr'>te</span> <span class='ocrx_word' id='word_1_337' title='bbox 1406 1113 1471 1156; x_wconf 50' lang='lat' dir='ltr'>fit..</span> <span class='ocrx_word' id='word_1_338' title='bbox 1506 1112 1615 1167; x_wconf 82' lang='lat' dir='ltr'>quod</span> 
     </span>
     <span class='ocr_line' id='line_1_68' title="bbox 872 1165 1614 1214; baseline 0.005 -8"><span class='ocrx_word' id='word_1_339' title='bbox 872 1169 948 1206; x_wconf 87' lang='lat' dir='ltr'>iam</span> <span class='ocrx_word' id='word_1_340' title='bbox 968 1165 1116 1207; x_wconf 74' lang='lat' dir='ltr'>senatus</span> <span class='ocrx_word' id='word_1_341' title='bbox 1156 1167 1387 1214; x_wconf 79' lang='lat' dir='ltr'>decreuerat.</span> <span class='ocrx_word' id='word_1_342' title='bbox 1468 1170 1614 1211; x_wconf 58' lang='lat' dir='ltr'>Ausim-</span> 
     </span>
     <span class='ocr_line' id='line_1_69' title="bbox 871 1225 1614 1274; baseline 0.008 -12"><span class='ocrx_word' id='word_1_343' title='bbox 871 1226 903 1262; x_wconf 89' lang='lat' dir='ltr'>is</span> <span class='ocrx_word' id='word_1_344' title='bbox 922 1225 985 1271; x_wconf 85' lang='lat' dir='ltr'>est,</span> <span class='ocrx_word' id='word_1_345' title='bbox 1003 1225 1108 1263; x_wconf 83' lang='lat' dir='ltr'>cuius</span> <span class='ocrx_word' id='word_1_346' title='bbox 1127 1227 1366 1274; x_wconf 68' lang='lat' dir='ltr'>autfi‘toritate,</span> <span class='ocrx_word' id='word_1_347' title='bbox 1380 1238 1417 1266; x_wconf 92' lang='lat' dir='ltr'>et</span> <span class='ocrx_word' id='word_1_348' title='bbox 1429 1225 1614 1268; x_wconf 75' lang='lat' dir='ltr'>sententia</span> 
     </span>
     <span class='ocr_line' id='line_1_70' title="bbox 871 1279 1612 1340; baseline 0.005 -20"><span class='ocrx_word' id='word_1_349' title='bbox 871 1279 1017 1333; x_wconf 84' lang='lat' dir='ltr'>aliquid</span> <span class='ocrx_word' id='word_1_350' title='bbox 1035 1282 1088 1320; x_wconf 84' lang='lat' dir='ltr'>fit.</span> <span class='ocrx_word' id='word_1_351' title='bbox 1105 1279 1171 1322; x_wconf 91' lang='lat' dir='ltr'>lib.</span> <span class='ocrx_word' id='word_1_352' title='bbox 1186 1293 1220 1323; x_wconf 89' lang='lat'>1.</span> <span class='ocrx_word' id='word_1_353' title='bbox 1245 1282 1292 1321; x_wconf 88' lang='lat' dir='ltr'>ad</span> <span class='ocrx_word' id='word_1_354' title='bbox 1310 1285 1419 1323; x_wconf 85' lang='lat' dir='ltr'>Attic.</span> <span class='ocrx_word' id='word_1_355' title='bbox 1431 1286 1532 1337; x_wconf 85' lang='lat' dir='ltr'>epist.</span> <span class='ocrx_word' id='word_1_356' title='bbox 1547 1295 1612 1340; x_wconf 88' lang='lat'>19.</span> 
     </span>
     <span class='ocr_line' id='line_1_71' title="bbox 869 1339 1615 1394; baseline 0.007 -17"><span class='ocrx_word' id='word_1_357' title='bbox 869 1339 1043 1393; x_wconf 83' lang='lat' dir='ltr'>Agraria</span> <span class='ocrx_word' id='word_1_358' title='bbox 1062 1339 1128 1378; x_wconf 83' lang='lat' dir='ltr'>lex</span> <span class='ocrx_word' id='word_1_359' title='bbox 1148 1354 1173 1378; x_wconf 87' lang='lat' dir='ltr'>a</span> <span class='ocrx_word' id='word_1_360' title='bbox 1201 1339 1337 1379; x_wconf 86' lang='lat' dir='ltr'>Flauio</span> <span class='ocrx_word' id='word_1_361' title='bbox 1365 1339 1519 1381; x_wconf 80' lang='lat' dir='ltr'>tribuno</span> <span class='ocrx_word' id='word_1_362' title='bbox 1533 1343 1615 1394; x_wconf 87' lang='lat' dir='ltr'>ple·</span> 
     </span>
     <span class='ocr_line' id='line_1_72' title="bbox 871 1392 1612 1451; baseline 0.005 -18"><span class='ocrx_word' id='word_1_363' title='bbox 871 1392 927 1433; x_wconf 69' lang='lat' dir='ltr'>bes</span> <span class='ocrx_word' id='word_1_364' title='bbox 943 1394 1175 1434; x_wconf 81' lang='lat' dir='ltr'>vehementer</span> <span class='ocrx_word' id='word_1_365' title='bbox 1193 1395 1432 1451; x_wconf 79' lang='lat' dir='ltr'>agitabatur,</span> <span class='ocrx_word' id='word_1_366' title='bbox 1455 1397 1612 1438; x_wconf 68' lang='lat' dir='ltr'>aullore</span> 
     </span>
     <span class='ocr_line' id='line_1_73' title="bbox 871 1451 1612 1507; baseline 0.005 -17"><span class='ocrx_word' id='word_1_367' title='bbox 871 1451 1068 1503; x_wconf 67' lang='lat' dir='ltr'>P=rnpei0‚·</span> <span class='ocrx_word' id='word_1_368' title='bbox 1095 1464 1193 1507; x_wconf 81' lang='lat' dir='ltr'>quae</span> <span class='ocrx_word' id='word_1_369' title='bbox 1216 1452 1314 1492; x_wconf 82' lang='lat' dir='ltr'>nihil</span> <span class='ocrx_word' id='word_1_370' title='bbox 1333 1454 1520 1506; x_wconf 81' lang='lat' dir='ltr'>populare</span> <span class='ocrx_word' id='word_1_371' title='bbox 1548 1454 1612 1494; x_wconf 83' lang='lat' dir='ltr'>ha·</span> 
     </span>
     <span class='ocr_line' id='line_1_74' title="bbox 870 1506 1614 1564; baseline 0.008 -18"><span class='ocrx_word' id='word_1_372' title='bbox 870 1506 992 1556; x_wconf 77' lang='lat' dir='ltr'>hebat,</span> <span class='ocrx_word' id='word_1_373' title='bbox 1006 1520 1167 1560; x_wconf 69' lang='lat' dir='ltr'>praeter</span> <span class='ocrx_word' id='word_1_374' title='bbox 1182 1508 1386 1550; x_wconf 74' lang='lat' dir='ltr'>auHorem.</span> <span class='ocrx_word' id='word_1_375' title='bbox 1442 1511 1614 1564; x_wconf 74' lang='lat' dir='ltr'>Scriptor</span> 
     </span>
     <span class='ocr_line' id='line_1_75' title="bbox 866 1562 1612 1619; baseline 0.007 -17"><span class='ocrx_word' id='word_1_376' title='bbox 866 1574 998 1603; x_wconf 82' lang='lat' dir='ltr'>autem</span> <span class='ocrx_word' id='word_1_377' title='bbox 1018 1562 1176 1603; x_wconf 86' lang='lat' dir='ltr'>alicuius</span> <span class='ocrx_word' id='word_1_378' title='bbox 1203 1564 1304 1612; x_wconf 88' lang='lat' dir='ltr'>libri,</span> <span class='ocrx_word' id='word_1_379' title='bbox 1337 1579 1451 1619; x_wconf 86' lang='lat' dir='ltr'>quam</span> <span class='ocrx_word' id='word_1_380' title='bbox 1475 1570 1612 1607; x_wconf 86' lang='lat' dir='ltr'>Latine</span> 
     </span>
     <span class='ocr_line' id='line_1_76' title="bbox 871 1619 1613 1677; baseline 0.005 -17"><span class='ocrx_word' id='word_1_381' title='bbox 871 1619 1004 1660; x_wconf 71' lang='lat' dir='ltr'>auHor</span> <span class='ocrx_word' id='word_1_382' title='bbox 1017 1620 1176 1668; x_wconf 85' lang='lat' dir='ltr'>dicatur,</span> <span class='ocrx_word' id='word_1_383' title='bbox 1199 1621 1368 1676; x_wconf 85' lang='lat' dir='ltr'>viderint</span> <span class='ocrx_word' id='word_1_384' title='bbox 1383 1625 1426 1672; x_wconf 79' lang='lat' dir='ltr'>ii,</span> <span class='ocrx_word' id='word_1_385' title='bbox 1444 1627 1514 1677; x_wconf 88' lang='lat' dir='ltr'>qui</span> <span class='ocrx_word' id='word_1_386' title='bbox 1531 1638 1613 1664; x_wconf 81' lang='lat' dir='ltr'>non</span> 
     </span>
     <span class='ocr_line' id='line_1_77' title="bbox 873 1676 1611 1735; baseline 0.008 -20"><span class='ocrx_word' id='word_1_387' title='bbox 873 1676 1092 1716; x_wconf 79' lang='lat' dir='ltr'>dubitanter</span> <span class='ocrx_word' id='word_1_388' title='bbox 1141 1677 1335 1733; x_wconf 86' lang='lat' dir='ltr'>vsurpant.</span> <span class='ocrx_word' id='word_1_389' title='bbox 1426 1681 1611 1735; x_wconf 81' lang='lat' dir='ltr'>Equidem</span> 
     </span>
     <span class='ocr_line' id='line_1_78' title="bbox 871 1735 1617 1792; baseline 0.004 -20"><span class='ocrx_word' id='word_1_390' title='bbox 871 1747 994 1786; x_wconf 88' lang='lat' dir='ltr'>neque</span> <span class='ocrx_word' id='word_1_391' title='bbox 1013 1735 1261 1783; x_wconf 87' lang='lat' dir='ltr'>Ciceronem,</span> <span class='ocrx_word' id='word_1_392' title='bbox 1284 1750 1354 1775; x_wconf 88' lang='lat' dir='ltr'>nec</span> <span class='ocrx_word' id='word_1_393' title='bbox 1372 1738 1454 1777; x_wconf 85' lang='lat' dir='ltr'>eius</span> <span class='ocrx_word' id='word_1_394' title='bbox 1475 1752 1617 1792; x_wconf 46' lang='lat' dir='ltr'>aequa«</span> 
     </span>
     <span class='ocr_line' id='line_1_79' title="bbox 873 1789 1615 1849; baseline 0.008 -21"><span class='ocrx_word' id='word_1_395' title='bbox 873 1789 940 1837; x_wconf 74' lang='lat' dir='ltr'>les,</span> <span class='ocrx_word' id='word_1_396' title='bbox 959 1801 1024 1830; x_wconf 87' lang='lat' dir='ltr'>aut</span> <span class='ocrx_word' id='word_1_397' title='bbox 1049 1794 1210 1831; x_wconf 85' lang='lat' dir='ltr'>omnino</span> <span class='ocrx_word' id='word_1_398' title='bbox 1230 1807 1460 1849; x_wconf 87' lang='lat' dir='ltr'>quemquam</span> <span class='ocrx_word' id='word_1_399' title='bbox 1495 1796 1615 1835; x_wconf 85' lang='lat' dir='ltr'>stante</span> 
     </span>
     <span class='ocr_line' id='line_1_80' title="bbox 870 1846 1612 1900; baseline 0.009 -15"><span class='ocrx_word' id='word_1_400' title='bbox 870 1846 1066 1900; x_wconf 87' lang='lat' dir='ltr'>republica</span> <span class='ocrx_word' id='word_1_401' title='bbox 1087 1849 1139 1887; x_wconf 87' lang='lat' dir='ltr'>ita</span> <span class='ocrx_word' id='word_1_402' title='bbox 1164 1847 1332 1889; x_wconf 87' lang='lat' dir='ltr'>locutum</span> <span class='ocrx_word' id='word_1_403' title='bbox 1354 1853 1539 1892; x_wconf 74' lang='lat' dir='ltr'>existimo,</span> <span class='ocrx_word' id='word_1_404' title='bbox 1567 1855 1612 1891; x_wconf 82' lang='lat' dir='ltr'>Et</span> 
     </span>
     <span class='ocr_line' id='line_1_81' title="bbox 872 1905 1667 1957; baseline 0.009 -15"><span class='ocrx_word' id='word_1_405' title='bbox 872 1906 1070 1957; x_wconf 83' lang='lat' dir='ltr'>quoniam,</span> <span class='ocrx_word' id='word_1_406' title='bbox 1090 1907 1194 1944; x_wconf 78' lang='lat' dir='ltr'>cuius</span> <span class='ocrx_word' id='word_1_407' title='bbox 1216 1906 1277 1946; x_wconf 82' lang='lat' dir='ltr'>vel</span> <span class='ocrx_word' id='word_1_408' title='bbox 1298 1905 1467 1956; x_wconf 76' lang='lat' dir='ltr'>consilio,</span> <span class='ocrx_word' id='word_1_409' title='bbox 1488 1908 1550 1949; x_wconf 90' lang='lat' dir='ltr'>vel</span> <span class='ocrx_word' id='word_1_410' title='bbox 1562 1919 1616 1948; x_wconf 89' lang='lat' dir='ltr'>ta·</span> <span class='ocrx_word' id='word_1_411' title='bbox 1663 1927 1667 1932; x_wconf 66' lang='grc'><strong>’</strong></span> 
     </span>
     <span class='ocr_line' id='line_1_82' title="bbox 873 1963 1612 2020; baseline 0.008 -21"><span class='ocrx_word' id='word_1_412' title='bbox 873 1964 945 2000; x_wconf 86' lang='lat' dir='ltr'>cita</span> <span class='ocrx_word' id='word_1_413' title='bbox 968 1963 1193 2002; x_wconf 55' lang='lat' dir='ltr'>auum-itate</span> <span class='ocrx_word' id='word_1_414' title='bbox 1213 1963 1260 2001; x_wconf 86' lang='lat' dir='ltr'>ad</span> <span class='ocrx_word' id='word_1_415' title='bbox 1278 1963 1464 2013; x_wconf 84' lang='lat' dir='ltr'>agendum</span> <span class='ocrx_word' id='word_1_416' title='bbox 1477 1964 1612 2020; x_wconf 84' lang='lat' dir='ltr'>impel-</span> 
     </span>
     <span class='ocr_line' id='line_1_83' title="bbox 871 2016 1611 2074; baseline 0.009 -19"><span class='ocrx_word' id='word_1_417' title='bbox 871 2016 1000 2064; x_wconf 84' lang='lat' dir='ltr'>limur,</span> <span class='ocrx_word' id='word_1_418' title='bbox 1020 2020 1051 2057; x_wconf 82' lang='lat' dir='ltr'>is</span> <span class='ocrx_word' id='word_1_419' title='bbox 1076 2021 1176 2072; x_wconf 73' lang='lat' dir='ltr'>quasi</span> <span class='ocrx_word' id='word_1_420' title='bbox 1199 2023 1308 2070; x_wconf 87' lang='lat' dir='ltr'>origo</span> <span class='ocrx_word' id='word_1_421' title='bbox 1329 2021 1537 2074; x_wconf 85' lang='lat' dir='ltr'>quaedam,</span> <span class='ocrx_word' id='word_1_422' title='bbox 1573 2032 1611 2062; x_wconf 88' lang='lat' dir='ltr'>et</span> 
     </span>
     <span class='ocr_line' id='line_1_84' title="bbox 872 2075 1612 2131; baseline 0.009 -19"><span class='ocrx_word' id='word_1_423' title='bbox 872 2075 1009 2124; x_wconf 86' lang='lat' dir='ltr'>agendi</span> <span class='ocrx_word' id='word_1_424' title='bbox 1048 2077 1278 2131; x_wconf 84' lang='lat' dir='ltr'>principium</span> <span class='ocrx_word' id='word_1_425' title='bbox 1318 2080 1391 2123; x_wconf 87' lang='lat' dir='ltr'>est;</span> <span class='ocrx_word' id='word_1_426' title='bbox 1428 2079 1519 2119; x_wconf 89' lang='lat' dir='ltr'>inde</span> <span class='ocrx_word' id='word_1_427' title='bbox 1557 2078 1612 2119; x_wconf 86' lang='lat' dir='ltr'>fa-</span> 
     </span>
     <span class='ocr_line' id='line_1_85' title="bbox 872 2133 1611 2190; baseline 0.009 -20"><span class='ocrx_word' id='word_1_428' title='bbox 872 2134 988 2179; x_wconf 73' lang='grc' dir='ltr'>«Ξὶιιτη,</span> <span class='ocrx_word' id='word_1_429' title='bbox 1012 2144 1054 2170; x_wconf 82' lang='lat' dir='ltr'>vt</span> <span class='ocrx_word' id='word_1_430' title='bbox 1081 2133 1214 2173; x_wconf 68' lang='lat' dir='ltr'>auft‘or</span> <span class='ocrx_word' id='word_1_431' title='bbox 1238 2133 1456 2175; x_wconf 76' lang='lat' dir='ltr'>nobilitatis</span> <span class='ocrx_word' id='word_1_432' title='bbox 1483 2135 1611 2190; x_wconf 80' lang='lat' dir='ltr'>appel·</span> 
     </span>
     <span class='ocr_line' id='line_1_86' title="bbox 871 2187 1609 2241; baseline 0.008 -14"><span class='ocrx_word' id='word_1_433' title='bbox 871 2187 984 2235; x_wconf 82' lang='lat' dir='ltr'>letur‚</span> <span class='ocrx_word' id='word_1_434' title='bbox 1002 2202 1022 2227; x_wconf 83' lang='lat' dir='ltr'>a</span> <span class='ocrx_word' id='word_1_435' title='bbox 1039 2203 1118 2241; x_wconf 90' lang='lat' dir='ltr'>quo</span> <span class='ocrx_word' id='word_1_436' title='bbox 1152 2189 1363 2230; x_wconf 86' lang='lat' dir='ltr'>nobilitatis</span> <span class='ocrx_word' id='word_1_437' title='bbox 1393 2194 1504 2232; x_wconf 86' lang='lat' dir='ltr'>initia</span> <span class='ocrx_word' id='word_1_438' title='bbox 1533 2208 1609 2233; x_wconf 87' lang='lat' dir='ltr'>ma—</span> 
     </span>
     <span class='ocr_line' id='line_1_87' title="bbox 876 2246 1610 2299; baseline 0.007 -15"><span class='ocrx_word' id='word_1_439' title='bbox 876 2255 1033 2288; x_wconf 78' lang='lat' dir='ltr'>.1arunt;</span> <span class='ocrx_word' id='word_1_440' title='bbox 1070 2246 1203 2286; x_wconf 66' lang='lat' dir='ltr'>auflor</span> <span class='ocrx_word' id='word_1_441' title='bbox 1231 2248 1342 2287; x_wconf 81' lang='lat' dir='ltr'>huius</span> <span class='ocrx_word' id='word_1_442' title='bbox 1366 2248 1564 2299; x_wconf 74' lang='lat' dir='ltr'>sermonis,</span> <span class='ocrx_word' id='word_1_443' title='bbox 1587 2264 1610 2289; x_wconf 83' lang='lat' dir='ltr'>a</span> 
     </span>
     <span class='ocr_line' id='line_1_88' title="bbox 872 2299 1610 2355; baseline 0.012 -16"><span class='ocrx_word' id='word_1_444' title='bbox 872 2316 951 2354; x_wconf 91' lang='lat' dir='ltr'>quo</span> <span class='ocrx_word' id='word_1_445' title='bbox 970 2303 1138 2355; x_wconf 88' lang='lat' dir='ltr'>primum</span> <span class='ocrx_word' id='word_1_446' title='bbox 1161 2304 1268 2343; x_wconf 86' lang='lat' dir='ltr'>fluxit</span> <span class='ocrx_word' id='word_1_447' title='bbox 1286 2305 1345 2343; x_wconf 84' lang='lat' dir='ltr'>hic</span> <span class='ocrx_word' id='word_1_448' title='bbox 1368 2304 1514 2353; x_wconf 81' lang='lat' dir='ltr'>sermo3</span> <span class='ocrx_word' id='word_1_449' title='bbox 1542 2299 1610 2348; x_wconf 52' lang='lat' dir='ltr'>1111ss</span> 
     </span>
     <span class='ocr_line' id='line_1_89' title="bbox 872 2358 1610 2416; baseline 0.005 -17"><span class='ocrx_word' id='word_1_450' title='bbox 872 2358 953 2399; x_wconf 69' lang='lat' dir='ltr'>Hor</span> <span class='ocrx_word' id='word_1_451' title='bbox 971 2373 1076 2399; x_wconf 81' lang='lat' dir='ltr'>meae</span> <span class='ocrx_word' id='word_1_452' title='bbox 1087 2359 1255 2411; x_wconf 79' lang='lat' dir='ltr'>salutis,</span> <span class='ocrx_word' id='word_1_453' title='bbox 1283 2362 1386 2400; x_wconf 78' lang='lat' dir='ltr'>cuius</span> <span class='ocrx_word' id='word_1_454' title='bbox 1419 2376 1534 2416; x_wconf 75' lang='lat' dir='ltr'>opera</span> <span class='ocrx_word' id='word_1_455' title='bbox 1557 2362 1610 2403; x_wconf 85' lang='lat' dir='ltr'>sa·</span> 
     </span>
     <span class='ocr_line' id='line_1_90' title="bbox 872 2415 1611 2469; baseline 0.007 -14"><span class='ocrx_word' id='word_1_456' title='bbox 872 2415 990 2455; x_wconf 59' lang='lat' dir='ltr'>lucem</span> <span class='ocrx_word' id='word_1_457' title='bbox 1009 2415 1167 2469; x_wconf 80' lang='lat' dir='ltr'>adeptus</span> <span class='ocrx_word' id='word_1_458' title='bbox 1187 2415 1280 2457; x_wconf 87' lang='lat' dir='ltr'>sum.</span> <span class='ocrx_word' id='word_1_459' title='bbox 1325 2418 1475 2459; x_wconf 67' lang='lat' dir='ltr'>Auflor</span> <span class='ocrx_word' id='word_1_460' title='bbox 1495 2422 1611 2461; x_wconf 84' lang='lat' dir='ltr'>etiam</span> 
     </span>
     <span class='ocr_line' id='line_1_91' title="bbox 871 2474 1612 2525; baseline 0.008 -13"><span class='ocrx_word' id='word_1_461' title='bbox 871 2482 1031 2512; x_wconf 85' lang='lat' dir='ltr'>vocatur</span> <span class='ocrx_word' id='word_1_462' title='bbox 1048 2474 1094 2520; x_wconf 86' lang='lat' dir='ltr'>is,</span> <span class='ocrx_word' id='word_1_463' title='bbox 1114 2475 1218 2512; x_wconf 89' lang='lat' dir='ltr'>cuius</span> <span class='ocrx_word' id='word_1_464' title='bbox 1240 2476 1470 2525; x_wconf 84' lang='lat' dir='ltr'>testimonio,</span> <span class='ocrx_word' id='word_1_465' title='bbox 1486 2488 1528 2517; x_wconf 87' lang='lat' dir='ltr'>vt</span> <span class='ocrx_word' id='word_1_466' title='bbox 1544 2476 1612 2517; x_wconf 86' lang='lat' dir='ltr'>ali-</span> 
     </span>
     <span class='ocr_line' id='line_1_92' title="bbox 872 2528 1610 2582; baseline 0.008 -13"><span class='ocrx_word' id='word_1_467' title='bbox 872 2528 965 2582; x_wconf 87' lang='lat' dir='ltr'>quid</span> <span class='ocrx_word' id='word_1_468' title='bbox 986 2529 1190 2577; x_wconf 84' lang='lat' dir='ltr'>credamus,</span> <span class='ocrx_word' id='word_1_469' title='bbox 1213 2529 1458 2573; x_wconf 87' lang='lat' dir='ltr'>adducimur:</span> <span class='ocrx_word' id='word_1_470' title='bbox 1487 2546 1528 2575; x_wconf 93' lang='lat' dir='ltr'>vt</span> <span class='ocrx_word' id='word_1_471' title='bbox 1543 2533 1610 2575; x_wconf 91' lang='lat' dir='ltr'>lib.</span> 
     </span>
     <span class='ocr_line' id='line_1_93' title="bbox 874 2585 1613 2640; baseline 0.014 -16"><span class='ocrx_word' id='word_1_472' title='bbox 874 2589 912 2629; x_wconf 85' lang='lat'>6.</span> <span class='ocrx_word' id='word_1_473' title='bbox 937 2585 987 2624; x_wconf 89' lang='lat' dir='ltr'>ad</span> <span class='ocrx_word' id='word_1_474' title='bbox 1016 2587 1127 2626; x_wconf 88' lang='lat' dir='ltr'>Attic.</span> <span class='ocrx_word' id='word_1_475' title='bbox 1166 2588 1268 2640; x_wconf 85' lang='lat' dir='ltr'>epist.</span> <span class='ocrx_word' id='word_1_476' title='bbox 1291 2599 1327 2630; x_wconf 88' lang='lat'>1.</span> <span class='ocrx_word' id='word_1_477' title='bbox 1413 2590 1499 2633; x_wconf 87' lang='lat' dir='ltr'>Nec</span> <span class='ocrx_word' id='word_1_478' title='bbox 1523 2607 1613 2634; x_wconf 83' lang='lat' dir='ltr'>vero</span> 
     </span>
     <span class='ocr_line' id='line_1_94' title="bbox 869 2642 1611 2694; baseline 0.012 -13"><span class='ocrx_word' id='word_1_479' title='bbox 869 2644 985 2694; x_wconf 80' lang='lat' dir='ltr'>pauci</span> <span class='ocrx_word' id='word_1_480' title='bbox 988 2642 1303 2694; x_wconf 48' lang='lat' dir='ltr'>stannauHores,</span> <span class='ocrx_word' id='word_1_481' title='bbox 1333 2645 1399 2685; x_wconf 88' lang='lat' dir='ltr'>Cn.</span> <span class='ocrx_word' id='word_1_482' title='bbox 1428 2647 1611 2690; x_wconf 80' lang='lat' dir='ltr'>Flauium</span> 
     </span>
     <span class='ocr_line' id='line_1_95' title="bbox 857 2698 1609 2757; baseline 0.011 -19"><span class='ocrx_word' id='word_1_483' title='bbox 857 2698 1032 2750; x_wconf 76' lang='lat' dir='ltr'>stribam</span> <span class='ocrx_word' id='word_1_484' title='bbox 1062 2699 1186 2756; x_wconf 67' lang='lat' dir='ltr'>fastos</span> <span class='ocrx_word' id='word_1_485' title='bbox 1204 2699 1411 2757; x_wconf 72' lang='lat' dir='ltr'>protulff.</span> <span class='ocrx_word' id='word_1_486' title='bbox 1497 2705 1609 2746; x_wconf 85' lang='lat' dir='ltr'>Addo</span> 
     </span>
     <span class='ocr_line' id='line_1_96' title="bbox 869 2753 1608 2820; baseline 0.009 -25"><span class='ocrx_word' id='word_1_487' title='bbox 869 2753 981 2806; x_wconf 85' lang='lat' dir='ltr'>illud,</span> <span class='ocrx_word' id='word_1_488' title='bbox 1000 2755 1192 2799; x_wconf 58' lang='lat' dir='ltr'>aueorem</span> <span class='ocrx_word' id='word_1_489' title='bbox 1213 2756 1302 2807; x_wconf 83' lang='lat' dir='ltr'>dici,</span> <span class='ocrx_word' id='word_1_490' title='bbox 1330 2771 1412 2799; x_wconf 86' lang='lat' dir='ltr'>non</span> <span class='ocrx_word' id='word_1_491' title='bbox 1429 2763 1498 2820; x_wconf 72' lang='lat' dir='ltr'>qui</span> <span class='ocrx_word' id='word_1_492' title='bbox 1521 2762 1608 2802; x_wconf 84' lang='lat' dir='ltr'>hor-</span> 
     </span>
     <span class='ocr_line' id='line_1_97' title="bbox 1493 2828 1608 2868; baseline 0.009 -10"><span class='ocrx_word' id='word_1_493' title='bbox 1493 2828 1608 2868; x_wconf 77' lang='lat' dir='ltr'>tatur,</span> 
     </span>
    </p>
   </div>
  </div>
 </body>
</html>
