1863 3172
238 125 246 134 „
301 96 367 135 IN
395 95 506 138 CIC.
532 95 722 168 EPISTl'.
761 96 898 136 FAM.
924 97 1036 136 LIB·
1069 98 1115 138 V.
1158 97 1343 138 EPIST.
1370 99 1455 139 ΧΠ.

139 205 403 261 Aufi‘oritate]
454 206 569 256 Quod
611 208 699 248 esset
732 211 827 250 Luc-

1550 111 1634 154 327

885 208 1016 263 plexus
1035 211 1087 250 est
1105 210 1274 253 historia.
1331 209 1481 261 Τιμαίυ,
1500 213 1627 266 inquit

84 265 186 303 «eius
203 266 243 303 in
260 264 490 316 reipublicae
505 267 675 304 maximis
685 266 825 315 grauis-
887 268 1087 312 Dionysius
1106 266 1171 307 lib.
1188 280 1222 309 1.
1243 270 1433 322 Antiquit.
1456 267 1504 308 τέ
1521 267 1626 308 Σικε-

79 322 257 373 fimisque
277 320 404 358 cauffis
425 324 597 370 cognitus
617 352 629 369 ‚
649 335 764 375 atque
782 325 823 361 in
881 321 988 362 λιῶτκ
1024 330 1070 362 τὰ
1090 330 1151 371 μὲν
1183 330 1317 371 ἀρχαῖοι
1345 330 1410 364 τῶν
1429 324 1558 373 ἱςοριῶν
1587 331 1621 365 ἐν

79 379 210 432 primis
230 377 423 429 probatus.
451 378 564 418 infra,

879 386 958 423 ταῖς
991 387 1117 425 κοιναῖς
1165 389 1304 428 ἵςοςίαις
1347 389 1622 432 ἂφηγησαμένκ,

140 433 255 487 Vim]
287 436 327 471 In
359 447 522 474 extrema
549 433 726 488 epistola:
771 435 819 475 Vt
878 435 942 478 τές
976 442 1011 475 δὲ
1032 447 1115 485 πρὸς
1150 437 1281 485 Πύῤῥω
1317 446 1374 477 τὸν
1401 438 1619 488 Ε’πειςῶτην

74 490 219 540 mfinet
239 491 316 542 iflst'
329 493 404 530 viu:
417 494 583 548 gloriola
598 491 816 546 nostraper-

65 547 264 601 frucmutr.
660 598 661 601 Ἰ

131 603 286 656 Italici]
328 604 496 650 Marsaci,
546 601 606 643 vel
654 602 811 643 socialis.

69 660 216 699 Tribus
237 662 337 698 cuim
358 661 479 699 modis
494 659 810 713 appellaturillud

68 714 236 763 bellum,
266 717 370 768 quod
406 731 489 754 cum
519 716 626 755 sociis
653 715 809 764 Italicis,

68 774 355 824 indignantibus
381 774 531 811 ciuitate
564 772 622 821 sc,
651 773 731 822 lege
750 776 810 813 Li-

70 832 168 870 cinia
189 843 224 870 ct
245 832 382 873 Mucia,
411 829 482 868 css'e
503 829 686 877 extrusos,
704 833 810 870 varia

69 887 136 926 diu
170 887 322 926 fortuna
352 898 388 925 et
417 885 631 940 periculoso
668 899 810 928 euentu

66 946 207 995 gestum
222 947 283 982 cst.
313 957 539 997 quamquam
554 947 689 984 Cicero
701 943 810 988 lib.2.

67 1001 115 1040 de
134 1002 239 1040 Offic.
262 1015 291 1038 c.
318 1006 352 1048 3.
379 1012 478 1039 metu
508 1002 810 1042 iudiciorumex-

66 1060 222 1097 citatum
235 1058 403 1096 ostendit.
431 1057 491 1097 sed
504 1058 655 1098 fortass'e
667 1070 812 1100 Vtrum-

65 1129 141 1169 que
160 1113 244 1154 fuit.
275 1116 389 1166 primi
409 1117 562 1167 quiden-1
582 1117 692 1155 Marsi
709 1146 721 1163 ‚
743 1131 810 1156 vn-

64 1173 112 1212 de
141 1173 283 1212 Marsici
304 1170 395 1210 belli
416 1187 555 1210 nomen
576 1173 808 1222 fluxit,1ulio

65 1239 104 1269 et
123 1228 268 1269 Rutilio
309 1228 394 1267 coss'.
425 1244 529 1268 arma
559 1229 808 1283 sumpserunt.

63 1285 180 1333 solus,
207 1285 381 1325 confeeto
408 1285 534 1334 bello,
556 1287 809 1340 triumphauit

63 1342 112 1383 dc
147 1341 340 1383 Asculanis
362 1354 399 1380 et
433 1345 645 1382 Picentibus
676 1344 807 1384 consul

62 1404 134 1442 Cn.
153 1401 354 1453 Pompeius
374 1400 520 1446 Strabo,
547 1403 676 1450 Magni
689 1413 806 1455 pater.

120 1470 284 1523 Ciuilis]
334 1473 422 1519 Qio
453 1472 678 1524 respublica,
695 1476 806 1514 viciis

0 1573 1 1579 ἵ
61 1529 177 1569 Marii
193 1529 375 1581 partibus,
405 1528 451 1566 ad
472 1530 583 1567 vnius
603 1532 807 1570 arbitrium

60 1587 104 1626 L.
124 1585 247 1626 Sullae
268 1583 447 1624 translata
473 1587 536 1624 est.

120 1655 390 1711 Callisthenes]
421 1655 578 1702 Olynthi
590 1668 713 1702 natuS,
724 1657 807 1694 Ari·

60 1712 201 1755 stotelis
231 1712 455 1766 discipulus,
490 1727 614 1752 comes
642 1711 807 1752 Alexan-

62 1771 122 1811 dri
169 1772 300 1819 Magni
332 1768 434 1809 bello
485 1771 626 1809 Perfice
643 1797 655 1815 ,
697 1772 804 1808 cuius

17 1834 19 1836 ’
59 1831 176 1868 etiam
203 1842 261 1867 res
293 1829 406 1877 gestas
437 1825 572 1866 litteris
597 1825 804 1866 mandauit.

58 1885 280 1926 interfectus
300 1885 346 1923 ab
367 1899 427 1932 co,
470 1883 531 1924 vel
554 1885 666 1937 quia,
694 1897 803 1922 more

57 1943 226 1990 Perfice,
247 1941 379 1980 diuino
410 1940 514 1980 cultu
541 1940 802 1982 venerandum

60 2014 141 2039 non
170 1997 380 2046 censuerit,
412 1996 474 2036 vcl
501 1997 606 2050 quod
635 2000 676 2036 in
711 2011 824 2051 eum-

59 2071 147 2096 cum
165 2055 247 2095 aliis
269 2053 480 2094 coniurasse
504 2064 713 2107 putaretur.

117 2127 320 2180 Timaeus]
363 2129 450 2165 Duo
470 2125 628 2165 Timaei
656 2138 799 2163 memo-

57 2195 205 2230 rantur,
232 2184 292 2223 hic
316 2183 470 2237 quidem
487 2180 630 2221 Siculus
651 2181 799 2220 histori-

55 2256 137 2290 cus,
152 2255 267 2294 quem
284 2240 394 2280 valde
405 2241 542 2279 Cicero
554 2237 797 2280 laudatlib.2.

57 2298 105 2338 de
125 2301 231 2339 Orat.
264 2312 293 2336 c.
321 2310 379 2350 14.
408 2295 629 2336 Plutarchus
656 2298 696 2334 in
729 2296 798 2334 Ni-

56 2358 114 2395 cia
136 2354 398 2408 reprehendit:
428 2353 522 2393 alter
550 2351 796 2407 philosophus

54 2412 330 2461 Pythagoreus,
368 2413 498 2450 Locris
529 2422 661 2457 natus,
690 2411 795 2448 cuius

55 2471 213 2509 nomine
236 2467 344 2518 Plato
366 2467 507 2519 librum
527 2468 572 2507 de
595 2477 728 2506 natura
740 2467 797 2504 in-

55 2527 206 2579 scriptit.

114 2595 279 2651 Pyrrhi]
310 2599 549 2650 Epirotarum
572 2596 687 2644 regis,
730 2595 798 2646 qui

57 2668 143 2694 cum
169 2656 346 2692 Romanis
366 2657 405 2693 in
426 2654 535 2693 Italia
555 2652 699 2691 bellum
720 2650 795 2700 ges-

53 2714 108 2751 sit.
166 2709 398 2759 Plutarchus,
434 2715 591 2759 Trogus
624 2708 689 2747 lib.
731 2718 793 2760 17.

53 2771 141 2809 Eius
161 2766 260 2807 bella
284 2769 472 2809 Timaeus
502 2768 657 2822 propria
695 2778 795 2804 com·

873 500 1023 538 πολέμες
1070 501 1118 537 εἰς
1176 502 1261 534 ι’δίκν
1315 504 1617 545 κκτκχωςίσκντος

869 556 1130 596 πραγματείαν.

925 618 1130 675 Polybius]
1162 623 1386 675 Praeceptor
1426 634 1463 664 et
1492 639 1617 665 comes

868 674 1037 715 Africani
1065 680 1256 727 minoris,
1303 681 1408 728 cuius
1439 682 1618 723 historiae

869 746 955 786 pars
984 732 1119 787 aliqua
1161 735 1208 774 ad
1247 737 1414 776 nostram
1452 749 1616 779 aetatem

868 801 1057 842 peruenit.

923 847 1236 899 Numantinum]
1273 849 1521 892 Numantiam
1543 854 1614 893 Sci-

868 905 936 957 pio
956 903 1204 952 Aemilianus,
1225 907 1333 944 annis
1353 922 1410 960 ¹4-
1430 911 1513 962 post
1524 912 1613 950 Car-

868 960 1082 1010 thaginem,
1115 961 1263 1001 excidit.
1294 963 1461 1005 Velleius
1486 965 1553 1011 lib.
1571 981 1611 1009 2.

868 1033 898 1058 c.
918 1032 958 1072 4.
988 1020 1197 1072 Appianus,
1227 1018 1304 1059 alii.

926 1075 1252 1130 Coniurationem]
1269 1079 1419 1117 Faciam
1430 1076 1512 1132 ipso
1524 1091 1613 1117 con-

869 1131 947 1172 sule
968 1145 989 1170 a
1011 1132 1162 1172 duobus
1188 1136 1352 1173 maxime
1371 1136 1551 1188 patriciis,
1569 1138 1611 1175 L.

867 1191 997 1238 Sergio
1027 1191 1204 1238 Catilina,
1228 1194 1438 1244 praetorio,
1458 1195 1496 1231 P.
1515 1193 1612 1232 Cor-

866 1245 968 1286 nelio
997 1246 1182 1297 Lentulo,
1207 1247 1416 1297 consulari,
1446 1259 1483 1289 et
1503 1263 1610 1302 prae-

865 1314 951 1344 tore
969 1318 1123 1343 iterum.

919 1375 1014 1429 Cary
1028 1388 1089 1414 am
1134 1375 1246 1415 illam
1294 1377 1443 1431 totam]
1487 1377 1609 1431 Qid-

865 1431 959 1485 quid
976 1432 1025 1471 ad
1054 1446 1135 1470 eam
1169 1433 1612 1486 coniurationemperti-

865 1498 943 1536 net,
974 1500 1011 1528 et
1031 1502 1116 1529 cum
1137 1503 1179 1528 ea
1201 1492 1447 1530 coniunctum
1468 1493 1530 1530 est.

923 1561 1006 1600 Vno
1032 1562 1071 1599 in
1098 1561 1353 1617 argumento]
1398 1561 1499 1599 Scire
1529 1575 1610 1600 non

863 1616 999 1656 inutile
1021 1618 1085 1664 est,
1106 1616 1199 1670 quid
1217 1619 1257 1655 in
1277 1616 1513 1670 problemate
1526 1617 1610 1657 scri-

864 1672 980 1727 pserit
1001 1673 1229 1720 Aristoteles,
1247 1676 1352 1713 cuius
1372 1675 1526 1713 initium
1545 1677 1612 1721 est,

863 1736 917 1769 διὰ
946 1738 982 1769 τί
1007 1748 1090 1769 ποτε
1111 1735 1177 1769 ταῖν
1199 1734 1327 1779 ἱςοςιῶν
1351 1731 1437 1775 ἥδιον
1457 1729 1608 1777 &uriom-1

1390 1784 1405 1801 ‚x
1457 1785 1478 1797 ,ο

861 1791 927 1826 τῶν
945 1796 1022 1835 περὶ
1052 1785 1085 1825 ἓν
1105 1791 1337 1837 συνεςηκυιῶν,
1375 1806 1395 1832 n
1424 1806 1493 1827 των
1523 1795 1605 1836 περ)

859 1850 969 1883 πολλὰ
997 1853 1343 1891 πραγματευαμὲνων.

919 1915 1005 1953 Vna
1022 1915 1064 1953 in
1075 1914 1263 1968 persana]
1293 1918 1339 1954 In
1357 1914 1440 1969 ipso
1455 1923 1605 1956 tantum

858 1972 1057 2018 Cicerone,
1078 1973 1354 2012 coniurationis
1384 1972 1548 2012 vindice.

912 2030 951 2068 V
949 2028 1096 2067 beriam
1117 2039 1232 2084 atque
1255 2028 1603 2080 ornatiora]Q10d

855 2083 902 2122 ad
931 2083 1124 2137 scriptoris
1154 2100 1310 2138 quoque
1335 2084 1487 2124 laudem
1519 2099 1605 2139 per-

855 2143 962 2180 tinet.
1003 2141 1242 2181 commendat
1268 2144 1369 2181 enim
1405 2143 1602 2182 historiam

855 2198 1101 2236 vehementer
1134 2201 1245 2252 copia
1276 2213 1426 2248 rerum,
1455 2210 1492 2239 et
1520 2212 1603 2239 ver·

853 2255 993 2295 borum
1015 2266 1184 2295 ornatus,

911 2310 1056 2363 Semel]
1087 2313 1132 2350 In
1157 2327 1217 2359 eo,
1248 2312 1354 2365 quod
1385 2314 1456 2353 tibi
1489 2327 1598 2353 occu·

854 2368 1040 2422 patiffimo
1069 2379 1215 2408 tantum
1237 2372 1366 2411 oneris
1385 2372 1596 2423 imponam.

909 2424 1036 2477 Bene]
1079 2425 1217 2467 Valde:
1253 2436 1315 2475 vt,
1347 2426 1436 2468 bene
1465 2441 1595 2477 mane,

851 2480 941 2521 hene
960 2479 1101 2521 doflm.

908 2539 1104 2593 Naniter]
1135 2541 1305 2578 Strenue.
1347 2541 1388 2578 in
1427 2554 1473 2585 eo
1496 2537 1591 2578 scili-

855 2603 925 2642 cet,
945 2596 1033 2647 quia
1054 2595 1229 2648 postulet,
1257 2606 1299 2636 vt
1323 2607 1496 2635 ornetur.

911 2651 1024 2708 Leges
1043 2652 1248 2708 hssoriae]
1289 2656 1385 2705 Tres
1413 2654 1593 2691 historiae

851 2705 950 2756 leges
964 2710 1102 2748 Cicero
1113 2709 1189 2763 ipse
1201 2721 1473 2748 commemorat
1484 2708 1591 2748 libe.

851 2765 898 2804 dc
921 2767 1026 2804 Orat.
1059 2782 1088 2805 c.
1122 2777 1183 2820 15.
1210 2768 1395 2820 primam,
1422 2781 1470 2806 ne
1499 2763 1593 2817 quid

905 2824 936 2861 Χ
965 2834 994 2873 4
1509 2820 1587 2861 falfi
