1863 3172
258 126 311 173 84

258 235 330 273 bus
349 229 454 270 nulla
465 231 610 268 maiora
624 239 634 273 3
650 226 894 283 fingularia,
905 240 1002 279 quae

260 290 433 329 omnium
452 288 625 325 maxima.

315 341 478 394 Studia]
508 343 700 387 Amorem,
723 338 906 393 etstudia
936 353 1004 378 no-

262 404 404 446 minat,
434 401 523 452 quia
553 412 622 437 nec
655 411 826 435 amorem
856 395 1002 449 semper

263 458 380 498 studia
402 458 643 502 comitantur,
663 453 882 507 praesertim
905 452 1016 492 sumu

261 529 335 561 ina,
355 524 392 553 et
411 512 608 562 fingularia
622 541 634 559 ,
659 524 727 548 nec
759 509 904 562 semper
933 511 1004 548 stu-

263 572 334 611 diis
355 583 486 617 amor,
517 568 736 623 praesertim
755 565 1004 613 incredibilis,

260 629 459 669 adiunetus
481 629 543 667 est.

314 684 530 733 Deberem]
571 685 615 722 Et
641 682 702 719 hic
730 687 890 727 augetur
924 676 1004 715 sen·

263 744 393 783 tentia.
421 740 510 787 dixi,
528 752 695 779 amorem
722 734 913 774 interdum
926 735 1002 772 fine

262 798 392 840 studiis
405 796 489 845 effe,
514 795 643 851 studia
655 796 887 833 fineamore:
916 792 1004 830 iure

261 858 379 905 igitur
400 846 604 906 Vtrumque
623 854 760 890 Cicero
792 849 1002 887 coniunxit.

262 927 363 952 nunc
386 910 508 957 addo,
529 924 614 948 eum
628 937 639 955 ,
661 908 729 959 qui
757 916 796 945 et
817 915 918 943 amet
946 906 1003 943 in-

263 967 508 1014 credibiliter,
529 978 566 1005 et
586 967 634 1012 ei,
645 977 761 1017 quem
780 971 895 1008 amat,
907 960 1002 1000 sum-

262 1041 322 1066 me
343 1025 481 1070 faueat,
510 1021 703 1062 interdum
714 1020 787 1058 hoc
805 1018 928 1057 facere
940 1017 1004 1056 sua

262 1083 418 1136 sponte,
443 1094 522 1119 non
556 1078 743 1119 beneficio
775 1075 1002 1115 adductum:

263 1154 341 1193 quo
362 1141 491 1177 minor
520 1150 630 1182 eum,
659 1135 684 1174 fi
705 1135 753 1173 ab
776 1133 840 1172 illa
867 1130 1003 1171 volun-

263 1207 338 1236 tate
359 1193 533 1240 discedat,
563 1192 734 1244 sequitur
743 1190 910 1229 infamia.
926 1202 1003 1228 ma·

262 1256 322 1292 ior
342 1253 460 1300 igitur
483 1251 530 1289 ab
563 1263 609 1288 eo
642 1246 888 1300 &speetanda
918 1260 1004 1285 con-

261 1303 415 1354 stantia,
444 1308 511 1360 qui
541 1314 642 1345 amat
661 1319 770 1352 eum,
802 1305 863 1343 cui
886 1302 1003 1357 pluri-

262 1380 367 1406 mum
399 1363 532 1408 debet3
580 1376 665 1401 cum
699 1359 907 1410 intelligat,
937 1361 1004 1399 fibi

262 1437 341 1462 non
363 1424 475 1460 incon
482 1422 635 1459 stantiae
648 1417 766 1457 modo
777 1417 929 1465 famam,
941 1416 1004 1456 sed

261 1481 400 1529 ingrati
425 1491 580 1530 quoque
592 1477 712 1516 animi
725 1476 869 1514 crimen
888 1476 1004 1529 perti-

258 1534 508 1577 mescendum.

318 1607 496 1647 Multum
513 1602 736 1657 adiumffet]
781 1605 878 1643 Cum
901 1605 1004 1641 enim

263 1677 396 1704 omnes
426 1664 661 1711 magistratus
691 1675 766 1700 vna
800 1675 883 1699 cum
908 1663 1004 1698 Len-

265 1719 347 1761 tulo
377 1718 423 1758 de
459 1718 577 1758 salute
605 1719 803 1758 Ciceronis
836 1717 1005 1771 promul-

263 1779 401 1828 garint,
433 1778 472 1815 in
511 1789 635 1829 eoque
667 1789 800 1813 omnes
836 1773 1005 1822 ordines,

263 1835 513 1885 hominesque
543 1831 822 1877 contenderint,
841 1832 928 1870 ideo
949 1846 1006 1870 re-

264 1893 410 1930 stitutus
443 1891 491 1929 ab
521 1889 598 1944 ipsa
638 1887 832 1944 republica
871 1890 1005 1928 Cicero

265 1947 426 1987 videtur.

322 2017 517 2058 Communi
553 2015 673 2070 ffin
713 2015 887 2069 ciuium]
939 2017 1002 2054 Er-

266 2089 310 2124 ga
341 2075 516 2128 patriam,
540 2075 601 2112 cui
624 2071 824 2120 nascimur,
845 2083 886 2112 vt
907 2072 1004 2112 dixit

265 2130 385 2172 Plato.

320 2200 505 2240 Debitum
518 2197 807 2254 praestitfffi’7n]
846 2201 1003 2253 Proprie

268 2259 513 2305 coniungitur
537 2258 712 2304 verbum,
728 2256 897 2312 praesto,
917 2262 1004 2295 cum

268 2316 314 2352 iis
366 2315 501 2360 rebus,
542 2315 680 2366 quibus
730 2315 884 2363 agendis
940 2323 1005 2353 aut

269 2370 356 2410 fidei
414 2367 681 2418 satisfacimus,
730 2382 772 2410 vt
817 2385 901 2410 cum
939 2369 1005 2410 ali-

265 2426 357 2481 quid
386 2429 648 2480 promittitur3
684 2440 749 2466 aut
779 2427 929 2474 officio,
963 2438 1006 2467 vt

267 2498 351 2523 cum
389 2485 545 2536 patriae,
585 2486 728 2532 amicis,
768 2485 880 2524 bonis
911 2486 1004 2524 viris

264 2538 507 2594 opitulamur.

292 2658 294 2660 v
318 2612 403 2649 Hac
417 2625 474 2649 me
492 2605 759 2662 ntetztefitffl]
792 2609 895 2650 Idem
906 2619 999 2656 erat,

264 2668 288 2705 fi
316 2669 464 2720 copiam
491 2666 728 2717 quaerimus,
764 2666 830 2708 hoc
859 2668 999 2713 animo,

262 2724 328 2762 hoc
359 2723 496 2774 Jenfit,
525 2721 594 2760 hac
627 2722 850 2773 sententia‚·
896 2722 998 2762 idem

260 2782 386 2828 etiam,
406 2790 447 2818 vt
463 2780 632 2819 varietur
651 2776 835 2830 loquendi
867 2793 999 2830 genus,

487 116 709 156 PAVLLI
735 113 1024 154 MANVTH
1054 109 1566 160 COMMENTARIVS

1059 223 1156 264 ham·
1175 223 1269 262 mihi
1292 235 1453 264 mentem
1472 219 1598 278 ffflffi'·
1624 223 1725 263 vnde
1755 223 1798 264 il-

1058 279 1126 319 lud
1154 278 1414 319 Sallustianum
1442 279 1530 321 bell.
1560 280 1644 319 Cat.
1675 295 1704 319 c.
1735 294 1795 335 52.

1058 339 1184 391 Longe
1202 336 1293 376 mihi
1308 337 1390 376 alia
1407 351 1509 376 mens
1520 336 1582 391 est.

1118 395 1170 432 Te
1197 392 1368 445 consule]
1403 395 1471 431 Per
1495 404 1678 445 quattuor
1696 407 1799 432 men-

1059 449 1127 497 seS‚
1148 463 1272 501 eoque
1298 447 1481 502 amplius:
1510 449 1624 488 rediit
1643 452 1744 488 enim
1757 452 1799 488 in

1061 509 1220 560 patriam
1232 508 1367 545 Cicero
1379 503 1507 544 Sextili
1517 505 1642 545 mense
1655 523 1663 544 :
1693 505 1798 558 quod

1062 563 1223 603 ostendit
1244 562 1310 602 lib.
1334 576 1374 616 4.
1419 561 1467 601 ad
1489 564 1598 602 Attic.
1629 564 1731 610 epist.
1762 573 1798 604 1.

1118 619 1313 672 Audiuit]
1363 621 1464 660 Cum
1495 618 1713 659 sententiam
1745 619 1799 658 di-

1060 691 1195 716 cerem.
1244 691 1322 715 non
1353 678 1455 715 enim
1487 687 1679 728 reputans,
1707 676 1802 729 quid

1059 735 1262 787 Pompeius
1283 732 1410 781 vellet,
1424 745 1488 773 aut
1504 732 1609 772 socer
1621 737 1700 772 eius
1712 736 1804 773 Cae·

1061 789 1131 837 sar,
1160 793 1200 828 in
1224 792 1401 830 omnibus
1426 792 1520 830 meis
1538 789 1732 829 sententiis
1751 790 1800 830 de

1060 846 1253 900 republica
1276 849 1441 900 pristinis
1461 849 1742 901 permanebam.

1117 917 1460 970 collocutionibus]
1502 920 1707 959 Collacutio
1743 920 1801 958 in-

1061 985 1120 1014 ter
1140 974 1236 1013 duos
1260 976 1332 1018 est3
1352 975 1494 1024 firmo,
1514 986 1550 1014 et
1570 977 1670 1016 inter
1701 976 1798 1015 duos

1062 1031 1146 1078 ess'e,
1173 1041 1209 1069 et
1227 1041 1357 1084 patere
1379 1028 1490 1070 latius
1519 1034 1650 1085 potest,
1668 1043 1704 1072 et
1728 1034 1801 1074 col-

1060 1089 1201 1128 locutio
1229 1087 1443 1127 sermonem
1478 1090 1525 1128 ab
1559 1091 1712 1129 arbitris
1742 1103 1800 1129 re·

1060 1158 1223 1191 motum,
1247 1147 1440 1198 priuatim,
1459 1157 1495 1185 et
1525 1145 1655 1198 paullo
1686 1146 1801 1186 secre-

1059 1203 1160 1241 tiore
1194 1200 1279 1240 loco
1308 1202 1504 1249 habitum,
1524 1203 1677 1243 videtur
1704 1204 1800 1242 indi-

1060 1271 1164 1302 care3
1180 1259 1311 1308 sermo
1341 1269 1480 1306 autem,
1498 1258 1585 1299 licet
1614 1263 1714 1298 inter
1734 1260 1801 1299 du—

1061 1330 1104 1354 os
1126 1315 1322 1362 habeatur,
1343 1314 1484 1355 celebri
1510 1327 1633 1356 tamen
1656 1315 1801 1356 efferlo-

1061 1386 1105 1411 co
1134 1373 1266 1426 potest.
1305 1373 1435 1426 itaque
1463 1375 1589 1412 maior
1612 1373 1800 1426 quaedam

1060 1431 1100 1467 in
1122 1427 1390 1476 collocutione,
1417 1444 1531 1482 quam
1553 1433 1593 1469 in
1614 1431 1802 1479 sermone,

1060 1500 1120 1524 res
1140 1486 1294 1525 videtur
1316 1488 1397 1535 agi:
1427 1486 1568 1526 secreto
1601 1490 1701 1526 enim
1725 1486 1801 1527 col-

1059 1541 1282 1595 loquentes,
1311 1545 1487 1583 intimum
1508 1547 1626 1583 animi
1656 1543 1801 1584 sensum

1060 1598 1240 1646 liberius,
1267 1613 1381 1652 quam
1421 1602 1462 1639 in
1487 1600 1665 1655 publico,
1697 1612 1798 1655 pate-

1058 1656 1212 1696 faciunt.

1113 1727 1227 1777 Illis]
1269 1728 1366 1767 Ante
1378 1728 1597 1769 triennium.
1626 1726 1798 1767 consules

1061 1785 1162 1823 enim
1184 1782 1334 1822 fuerant
1354 1786 1438 1836 post
1459 1784 1624 1823 reditum
1651 1787 1802 1824 Cicero-

1061 1842 1120 1879 nis
1139 1838 1394 1887 Marcellinus,
1416 1852 1452 1881 et
1472 1840 1800 1895 Philippusfflom-

1062 1900 1189 1951 peius,
1212 1908 1248 1936 et
1267 1896 1438 1943 Crassus3
1466 1901 1631 1951 Appius,
1652 1909 1689 1938 ct
1721 1901 1800 1937 Do·
1856 1892 1863 1949 J

1061 1956 1212 2001 mitius,
1251 1968 1416 2007 quorum
1447 1969 1568 2008 paene
1601 1958 1799 2009 peraeium
1854 1953 1858 1999 s

1061 2012 1133 2051 esse
1162 2010 1410 2059 consulatum,
1431 2013 1609 2062 fignificat
1628 2015 1667 2051 in
1681 2024 1799 2052 extre·
1858 2053 1863 2064 ⁴

1060 2083 1120 2108 ma
1139 2067 1292 2121 epistola
1313 2071 1457 2107 mentio
1480 2072 1612 2122 Appii,
1632 2068 1798 2110 Lentulo

1059 2124 1253 2165 succedere
1287 2127 1484 2179 cupientis.

1116 2196 1279 2252 Reliqua
1307 2196 1434 2250 nostra
1461 2198 1682 2252 d1gnitate]
1714 2200 1797 2237 Per-

1061 2254 1206 2294 tinebat
1229 2255 1329 2292 enim
1348 2253 1395 2292 ad
1417 2255 1497 2291 eius
1519 2254 1752 2303 dignitatem,
1770 2255 1797 2293 fi

1063 2322 1101 2350 ct
1128 2310 1284 2350 domum
1315 2309 1418 2349 suam
1456 2323 1717 2363 recuperarem
1759 2322 1825 2351 et·

1062 2369 1145 2421 post
1162 2366 1327 2407 reditum
1359 2367 1466 2406 suum
1486 2367 1602 2406 domo
1621 2367 1746 2420 pulsus
1773 2382 1795 2406 a

1063 2423 1216 2471 Clodio,
1236 2422 1401 2464 vltorem
1421 2426 1501 2463 eius
1521 2426 1682 2464 iniuriae
1695 2425 1796 2464 sena-

1060 2491 1141 2521 tum
1161 2481 1339 2520 haberet:
1367 2483 1459 2521 etin
1488 2480 1631 2519 damnis
1651 2484 1708 2520 rei
1729 2481 1795 2520 do-

1059 2540 1230 2578 mesticae
1249 2537 1448 2578 sarciendis
1459 2537 1588 2591 paullo
1605 2536 1796 2577 liberalio-

1055 2609 1136 2635 rem
1163 2597 1391 2648 optimatum
1417 2593 1652 2634 voluntatem
1687 2609 1796 2649 expe·

1052 2662 1206 2691 uretur.

1112 2722 1426 2773 Nomzullorum]
1458 2724 1621 2769 Eorum,
1652 2723 1718 2774 qui
1749 2721 1804 2766 de„

1055 2777 1178 2817 reditu
1200 2779 1281 2816 cius
1303 2777 1590 2819 laborauerant:
1618 2793 1716 2833 quos
1741 2781 1794 2818 ita

1673 2834 1792 2875 offen-

1839 2596 1841 2598 .
1858 2555 1863 2599 «ἶ

1858 2599 1863 2609 .

1860 2638 1863 2686 i

1855 3087 1863 3117 ..⁴
1852 3046 1859 3077 ,ω
1852 2996 1860 3026 -0-
1852 2913 1863 2982 *ux-n
1851 2848 1861 2903 *oc
1853 2791 1863 2838 pat-
1855 2743 1863 2780 .-a
1859 2720 1863 2731 ..
1857 2691 1863 2708 ..
