1863 3172
279 92 350 134 IN
375 93 487 134 CIC.
516 94 706 138 EPIST.
733 96 870 136 FAM.
915 96 1027 136 LIB.
1051 95 1098 135 11.
1126 95 1328 148 EPIST.
1358 95 1388 136 Ι.

50 215 163 262 atque
184 204 351 259 obtestor.
375 238 378 239 γ
410 208 455 246 Et
473 208 546 256 hic,
572 220 611 249 te
639 207 791 263 obtesta-

50 264 102 310 ri,
123 264 184 310 est,
204 274 273 314 per
285 274 322 302 te
340 262 461 314 ipsiaem
480 268 645 318 precari.
676 268 789 313 Cum,

45 318 211 368 obstet-o,
243 320 436 367 itine'tum,
462 321 578 360 modo
605 322 788 375 sequitur,

43 378 90 413 'vt
107 375 186 418 hic3
215 375 332 414 modo
353 378 554 426 antecedit,
580 389 621 418 vt
639 378 706 418 lib.
721 389 784 419 11.

44 430 94 470 ad
109 434 218 471 Attic.
248 434 350 485 epist.
370 445 401 474 1.
437 436 555 490 quue
580 445 625 475 vt
645 434 788 488 facias,

45 498 85 529 te
105 487 263 541 σίνε-*βων
286 500 399 544 atque
427 490 584 543 obsecro.

0 572 5 581 .
103 544 195 584 Non
213 543 399 597 dubitem]

46 599 170 655 spero.

105 658 369 710 Conformatus
384 653 496 698 xERN.
514 657 787 712 Corfirmatus]

45 714 286 755 Translatio.
316 729 336 754 a
375 715 632 768 ponderibus:
689 731 786 770 quae

26 785 124 817 ,non
144 771 251 811 facile
273 771 451 811 sustinent
470 771 664 813 imbecilli.
695 775 787 813 Con-

41 828 221 876 firmatio·
240 839 379 876 autem,
391 828 520 867 animo
538 830 663 878 firmo,
682 840 720 870 et
739 829 787 869 ad

44 883 295 924 sustinendam
339 884 658 938 exspee'tationem
686 887 786 928 bene

43 950 190 994 parato.
229 938 389 995 epistola‘
406 940 591 994 sequenti.

103 997 319 1053 Concitqsti]
351 1000 614 1038 Commouisti.
643 997 707 1038 sed
727 999 786 1039 vis

44 1054 170 1093 maior
189 1057 239 1093 est
259 1057 299 1093 in
328 1056 464 1102 verbo,
483 1055 688 1108 concitasti.
717 1057 787 1095 La-

44 1112 124 1150 tine
134 1146 136 1148 ,
146 1106 271 1150 autem
291 1123 496 1164 Vtrumque
524 1112 674 1152 dicitur.

105 1167 250 1218 Tercri]
336 1167 585 1208 Conseruare.
628 1169 787 1222 proprie

43 1225 159 1272 enim,
178 1227 294 1272 tueri,
314 1226 377 1273 est,
400 1224 623 1265 defendere:
653 1235 703 1273 et,
721 1227 790 1278 qui

44 1279 230 1328 defendit,
260 1281 471 1321 conseruat.

106 1338 275 1377 Tuorum
294 1353 386 1391 erga
406 1340 482 1388 me]
541 1339 672 1377 Parem
707 1350 789 1387 gra-

45 1395 137 1432 tiam
158 1393 320 1447 reposcit
350 1397 390 1433 in
421 1396 608 1434 memoria
635 1397 787 1434 merito-

46 1465 143 1489 rum.
172 1453 380 1499 Quoniam,
403 1453 543 1505 inquit,
565 1453 699 1490 merita
721 1462 787 1491 tua

45 1522 253 1559 munquam
265 1507 489 1552 obliuiscar3
515 1508 648 1546 itidem
661 1507 789 1556 debes,

47 1578 144 1616 quae
168 1567 237 1603 tibi
260 1565 354 1605 olim
375 1579 496 1618 puero
514 1566 788 1618 praeceperim,

46 1622 185 1673 quibus
208 1633 243 1661 te
265 1623 479 1661 rationibus
498 1621 544 1660 ad
565 1621 714 1660 laudem
733 1623 789 1660 in·

47 1681 263 1726 citauerun,
293 1682 333 1717 in
361 1680 468 1718 omni
503 1677 565 1718 vel
599 1677 790 1726 fortunae,

47 1733 110 1774 vel
130 1734 322 1784 dignitatis
346 1736 547 1775 acceffione
581 1734 788 1774 recordari.

105 1791 278 1845 Delehit]
312 1793 466 1832 Obliuio
485 1794 710 1831 memoriam
726 1791 790 1832 de-

45 1848 113 1896 let,
124 1858 160 1887 et
177 1850 366 1890 obliuione
382 1850 603 1888 memoriam
612 1847 791 1899 delemus,

46 1907 179 1944 Latine
201 1905 374 1946 dicimus.
405 1904 451 1944 ad
480 1907 652 1944 animum
672 1915 791 1944 trans-

49 1961 135 2001 tulit
146 1964 357 2003 Terentius
377 1965 418 2002 in
430 1964 522 2000 Eun.
535 1963 616 2001 A&
631 1975 667 2003 2.
683 1964 738 2002 Sc.
752 1974 789 2014 3.

46 2033 82 2059 v.
118 2030 153 2069 5.

102 2096 156 2106 —
185 2073 306 2113 Deleo
325 2087 449 2114 omnes
470 2073 603 2115 dehinc
637 2088 686 2115 ex
704 2074 788 2114 ani-

247 2143 306 2169 mo
336 2132 529 2173 mulieres.

105 2188 205 2228 Puer
223 2185 330 2239 olim]
351 2190 444 2236 Quis
462 2186 598 2233 credat,
621 2200 696 2240 qua
715 2201 786 2226 nos

46 2254 166 2284 aetate
185 2258 317 2295 pueros
336 2244 581 2297 appeilamus,
600 2258 642 2282 ea
667 2246 708 2282 in
727 2258 788 2283 ae-

47 2312 121 2341 tate
142 2301 307 2341 Curioni
335 2312 530 2355 praecepta
562 2302 786 2340 Ciceronem

48 2356 211 2396 desiste?
247 2371 316 2406 ego
336 2371 495 2408 puerum
506 2359 565 2396 hic
581 2359 710 2396 vocari
727 2372 784 2397 ar-

46 2416 185 2461 bitror,
212 2416 293 2465 post
323 2413 507 2468 sumptam
542 2413 694 2453 virilem
728 2425 784 2453 to-

46 2486 144 2522 gam,
164 2484 272 2523 quae,
296 2476 493 2523 'praetexta
512 2471 692 2524 deposita,
726 2471 783 2510 su-

46 2530 223 2568 mebatur
233 2526 404 2567 absoluto
416 2531 548 2568 aetatis
568 2542 669 2566 anno
681 2531 782 2571 XVI.

47 2599 128 2639 quo
147 2598 262 2631 anno,
287 2598 308 2622 a
329 2587 510 2634 magistris
541 2584 783 2632 discedentes,

44 2643 87 2683 in
109 2641 238 2681 forum
251 2656 322 2680 vna
337 2656 420 2681 curn
430 2642 649 2695 parentibus
671 2641 784 2694 prod-

28 2692 174 2739 libant:
204 2712 224 2736 a
246 2700 465 2752 parentibus
495 2698 622 2738 autem
648 2697 695 2737 ad
713 2696 784 2737 cla-

0 2794 1 2810 }
46 2769 111 2798 ros
133 2757 250 2804 viros,
272 2755 331 2798 vel
349 2766 390 2798 vt
408 2758 467 2796 ius
486 2754 613 2807 ciuile,
632 2753 784 2797 antelo-

485 549 584 597 Qiia
614 545 786 586 futurum

1507 79 1586 151 145

846 210 1025 260 quentiae
1044 210 1122 248 vias
1144 206 1426 256 cognoscerent,
1451 207 1512 249 vel
1533 219 1587 250 et·

844 266 933 311 iam,
957 277 997 304 vt
1019 279 1153 304 eorum
1171 265 1423 314 sermonibus,
1445 277 1481 305 et
1498 280 1586 305 con·

845 320 1043 360 ssietudine
1064 321 1328 374 prudentiores
1353 324 1500 371 fierent,
1522 322 1586 363 de-

844 377 1090 417 ducebantur.
1109 380 1355 417 Testimonio
1375 378 1460 420 sunt
1473 382 1585 434 ipfius

844 434 962 473 verba
989 435 1187 472 Ciceronis
1224 437 1263 472 in
1296 434 1396 475 libro
1418 436 1464 476 de
1485 439 1587 477 Ami·

842 492 930 530 citia
952 504 981 529 c.
998 502 1031 532 1.
1085 491 1174 546 Ego,
1193 492 1332 544 inquit,
1353 507 1378 530 a
1392 504 1508 545 patre
1524 495 1584 535 ita

841 560 950 587 eram
970 544 1154 586 dedm‘lus
1179 546 1235 586 ad
1241 549 1474 597 Scaeuolam,
1480 549 1587 602 sum·
1644 582 1646 585 v

842 614 887 644 ta
906 603 1020 643 virili
1038 614 1140 659 toga,
1160 614 1214 650 vt,
1243 604 1373 658 quoad
1382 604 1530 660 pestem,
1546 616 1587 648 et

842 660 997 706 liceret,
1033 674 1059 698 a
1079 661 1202 710 finis-4
1221 660 1345 700 latere
1378 676 1588 718 numquam

840 715 1080 768 dfiederem.
1102 718 1235 772 Itaque
1248 717 1381 768 multa,
1390 716 1440 757 ab
1450 733 1491 759 eo
1496 731 1591 772 pru-

840 770 977 812 denter
990 771 1202 825 dffputata,
1222 773 1348 812 multa
1367 776 1485 814 etiam
1507 775 1590 816 bre-

840 831 956 876 viter,
976 839 1011 868 et
1032 830 1218 868 commode
1237 829 1354 876 difla,
1382 836 1590 873 memort'ae

841 883 1077 924 mandabam
1088 901 1101 923 .·
1116 885 1495 941 fieriquestudebam
1507 891 1588 929 eius

837 941 1050 994 prudentia
1067 940 1228 982 duffior.
1311 944 1403 1000 Qto
1424 955 1586 994 mortuo,

842 1012 902 1037 me
926 997 981 1038 ad
1009 998 1224 1051 pontificem
1254 998 1479 1039 Scaeuolam
1503 1015 1588 1041 con·

841 1055 920 1095 tuli
932 1070 945 1092 .·
970 1068 1079 1111 quem
1103 1068 1221 1094 vnum
1243 1055 1393 1109 nostrae
1411 1059 1589 1098 ciuitatis

840 1121 880 1151 et
899 1113 1061 1167 ingenia,
1087 1122 1123 1150 et·
1143 1110 1289 1163 iustitia
1314 1113 1590 1166 praestantcffi-

843 1180 947 1207 mum
975 1165 1093 1207 audeo
1113 1166 1251 1208 dicere.
1277 1172 1343 1216 Ac,
1356 1183 1404 1208 ne
1426 1184 1589 1220 nouum,

845 1232 883 1262 et
903 1224 1119 1263 inusitatum
1144 1223 1343 1272 videatur,
1372 1235 1414 1266 vt
1443 1241 1589 1268 annum

844 1281 995 1329 ingressi
1026 1281 1144 1320 XVII.
1173 1283 1289 1333 pueri
1326 1285 1589 1334 nominentur,

844 1337 1015 1376 recitabo
1033 1336 1161 1377 locum
1180 1338 1349 1377 eiusdem
1371 1353 1416 1378 ex
1438 1340 1504 1381 lib.
1521 1353 1587 1384 12.

844 1395 948 1447 epist.
973 1406 1039 1446 25.
1088 1394 1136 1432 ad
1173 1396 1443 1436 Cornificium:
1484 1399 1591 1438 Puer

843 1451 1017 1506 egregius
1043 1449 1281 1503 praefidium
1303 1451 1389 1503 sthi
1420 1455 1591 1506 primum

844 1517 883 1546 et
900 1507 1030 1556 nobis,-
1058 1505 1194 1546 deinde
1202 1507 1382 1557 sztmmae
1407 1510 1590 1563 reipubli-

843 1578 911 1603 cae
928 1565 1179 1616 comparauit.
1223 1566 1280 1603 De
1300 1567 1515 1607 Ossauiano
1533 1567 1590 1607 lo-

844 1622 996 1672 quitur:
1035 1621 1117 1672 qui,
1148 1634 1234 1659 cum
1271 1624 1479 1662 exercitum
1515 1639 1588 1678 pro

843 1674 1039 1730 republica
1057 1679 1210 1729 priuato
1229 1677 1383 1718 consilio
1395 1694 1591 1733 compara-

843 1735 914 1780 vit,
931 1747 1076 1771 annum
1093 1733 1411 1775 vndeuicefimum
1432 1739 1589 1786 agebat:

845 1800 888 1829 vt
915 1790 957 1828 in
979 1791 1113 1829 Taciti
1138 1790 1296 1831 historia
1325 1790 1392 1832 lib.
1410 1804 1471 1847 13.
1502 1810 1532 1836 c.
1549 1799 1588 1838 6.

845 1847 1077 1886 notauimus.
1135 1849 1228 1887 Non
1242 1885 1244 1887 ,
1258 1848 1426 1889 distinxit
1450 1851 1588 1893 scilicet

845 1917 989 1943 nomen
1006 1906 1130 1956 pueri,
1151 1914 1190 1944 et
1207 1906 1465 1957 adolescentis.
1498 1919 1590 1949 nam

844 1963 886 1999 in
919 1959 991 1999 alia
1023 1960 1071 1999 ad
1099 1961 1263 2000 eundem
1299 1962 1455 2015 epistola
1484 1972 1590 2018 (23.)

842 2015 1117 2067 adolescentem
1138 2030 1268 2058 vocat:
1310 2019 1589 2070 Peescriberem

845 2073 1022 2125 Caesaris
1049 2073 1260 2115 Oislauiani
1301 2089 1508 2117 conatum.-
1539 2078 1592 2120 de

844 2144 917 2186 quo
941 2130 1337 2185 rnultittuz'inifit‘lum
1355 2132 1403 2172 ab
1421 2138 1588 2177 Antonio

843 2189 989 2227 eritne-n
1027 2187 1194 2236 videtur,
1242 2200 1285 2229 vt
1316 2191 1359 2229 in
1387 2195 1589 2242 per-uniam

845 2242 1092 2295 adolescentis
1115 2247 1297 2298 impetum
1321 2245 1487 2298 faceret.
1541 2252 1587 2289 Et
1630 2252 1631 2258 ’

843 2299 936 2338 Phil.
956 2314 995 2354 4.
1028 2315 1057 2339 c.
1076 2314 1111 2344 ι.
1171 2301 1314 2349 Laudo,
1361 2303 1480 2344 laudo
1506 2320 1586 2354 vos,

842 2357 1037 2413 Qtirites,
1069 2372 1156 2397 cum
1185 2357 1414 2415 grattffitnis
1441 2363 1585 2403 animis

833 2414 1106 2469 prosequimini
1127 2429 1259 2455 nomen
1278 2414 1478 2467 clurtffi'mi
1492 2417 1583 2460 ado·

838 2470 1025 2520 legfcentis,
1047 2471 1114 2510 vel
1126 2474 1239 2522 pueri
1252 2474 1392 2524 potius.

894 2528 1018 2566 Aetas
1043 2525 1169 2578 nostra
1195 2529 1273 2568 iam
1297 2529 1604 2586 ingraufiemJ·

838 2584 986 2636 Scripsit
1007 2584 1102 2621 hanc
1137 2585 1334 2637 epistolam
1361 2600 1483 2625 annos
1516 2601 1583 2626 na-

839 2650 896 2678 tus
917 2642 1013 2680 LIV.
1033 2639 1073 2678 id
1094 2654 1140 2679 ex
1161 2655 1209 2680 eo
1237 2645 1393 2689 constat,
1413 2642 1518 2696 quod
1537 2647 1580 2683 in

839 2698 941 2750 epist.
962 2700 1000 2739 6.
1021 2693 1208 2736 Milonem
1225 2700 1266 2737 in
1284 2702 1468 2752 petitione
1488 2714 1577 2739 con-

836 2752 859 2793 s
855 2752 976 2792 ulatus
1000 2753 1235 2798 commendat
1243 2757 1406 2798 Curioni
1416 2758 1578 2798 Romam

892 2812 925 2855 K
1447 2825 1578 2854 reuer-
