1863 3172
290 62 368 106 .1N
395 63 509 105 CIC.
537 64 727 107 EPIST.
754 66 892 110 FAM.
932 71 1043 113 LIB.
1072 73 1103 114 1.
1139 73 1328 118 EPIST.
1347 79 1378 120 1.

72 172 160 213 dem
172 172 304 216 vmeuse
323 175 512 222 habuisse;
538 175 683 231 et,‘qua
704 177 751 217 de
772 193 814 217 re

60 229 356 273 'deliberandum
372 243 534 287 putaret,
555 233 741 275 retulisse:
762 234 815 274 sc-

71 288 196 326 cundo
209 286 346 330 ‘autem
359 290 486 330 mense
506 290 687 341 collegam
697 291 812 331 fasces

69 345 271 398 recepiffe:
299 347 540 401 eundemque
568 348 756 397 ordinem,
768 359 811 388 vt

67 399 225 441 alternis
256 405 441 444 mensibus
477 404 590 444 fasces
611 405 808 453 haberent,

69 457 186 510 vsque
207 459 254 498 ad
274 471 485 501 extremum
517 476 658 501 annum
686 461 809 501 serua·

67 525 150 555 tum
188 516 271 557 esse.
326 521 455 572 itaque
489 533 567 558 uon
600 517 809 572 Philippus,

66 571 153 620 sed,
184 577 250 626 qui
287 573 399 614 fasces
444 577 552 629 prior
590 574 808 630 sumpserat,

65 629 308 670 bffarccllinus
331 635 570 686 praecipuam
600 634 731 672 mensis
753 635 808 672 Ia-

64 689 194 727 nuarii
211 702 338 727 curam
364 688 548 736 sustinuit,
577 685 623 728 et*
648 689 694 728 de
720 688 807 729 reli-

63 746 180 792 gione
201 742 345 793 retulit,
368 743 509 795 collega
538 756 664 785 tamen
689 745 806 785 asseu-

63 802 204 840 tiente:
241 816 329 840 nam
363 801 639 842 dissentientem
668 805 805 843 Cicero

63 858 301 898 nominasset.
386 863 480 899 Vter
525 870 652 899 autem
690 859 804 900 fasces

62 916 173 968 prior
191 914 366 965 sumeret,
389 914 499 957 docet
524 915 670 957 Gellius
686 915 750 958 lib.
767 930 804 960 2.

64 985 95 1010 c.
110 983 172 1024 15.

114 1029 287 1080 Luculli]
316 1030 450 1076 Marci,
476 1043 555 1069 nou
584 1031 705 1078 Lucii,
737 1029 804 1085 qui

56 1087 227 1140 ,perierat
249 1101 350 1126 anno
372 1086 580 1141 superiore.
620 1088 682 1127 hic
702 1091 805 1128 enim

61 1143 131 1195 qui
166 1145 407 1191 nominatur,
448 1145 522 1183 line
552 1143 670 1184 dubio
701 1145 804 1184 idem

58 1200 128 1248 cst,
150 1199 196 1240 de
217 1215 295 1254 quo
316 1202 406 1240 haec
425 1199 510 1240 suut
531 1203 631 1254 epist.
643 1213 683 1254 7.
712 1204 803 1260 92¹⁰

59 1255 210 1311 quidem
239 1267 417 1311 tempore,
450 1269 494 1298 vt
522 1260 728 1312 perscripsi
750 1257 807 1299 ad

58 1323 101 1354 te
124 1324 254 1361 aurea,
275 1316 430 1370 cognosti
453 1313 701 1367 Hortensium
716 1328 801 1367 per-

58 1369 240 1423 cupidum
268 1374 340 1416 eni,
355 1369 565 1423 studiosum
586 1373 801 1412 Lucullum.

61 1429 187 1475 Qiam
208 1427 400 1482 epistolam
420 1428 601 1481 Pompeio
621 1428 800 1468 etCraffo

61 1482 147 1522 coss.
184 1483 224 1523 id
258 1486 320 1532 cst,
353 1485 436 1538 post
464 1483 729 1525 Marcellinum
765 1495 802 1525 et

58 1539 290 1596 Philippum,
310 1541 382 1581 effe
399 1539 585 1596 scriptam,
606 1541 692 1582 satis
715 1557 802 1582 cou-

60 1599 150 1637 stat:
180 1612 258 1652 quo
288 1612 389 1637 anno
412 1600 548 1638 Lucius
569 1600 701 1639 viuere
722 1614 802 1639 non

59 1657 208 1707 potuit:
237 1669 321 1694 cum
334 1670 420 1694 eum
433 1658 560 1695 oratio
582 1655 627 1695 de
643 1659 800 1710 prouin-

61 1713 127 1750 ciis
145 1712 339 1760 habita‚vt
363 1714 413 1752 ait
437 1712 802 1761 Pedianus,Marcel·

58 1765 142 1807 lino
164 1779 202 1808 et
216 1768 391 1823 Philippo
424 1769 509 1810 coss.
544 1771 619 1808 iam
642 1772 720 1810 vita
740 1785 801 1810 ex·

61 1825 194 1865 cessiffe
228 1826 470 1867 demonstret.
524 1829 697 1868 Marcum
736 1842 800 1866 au-

59 1892 150 1930 tem,
176 1897 218 1922 ac
239 1885 398 1922 Lucium
427 1882 560 1922 fratres
587 1883 709 1933 fuisse,
736 1886 798 1924 Ci-

60 1953 162 1987 cero,
208 1938 439 1988 Plutarchus,
493 1939 559 1979 alii
605 1943 799 1981 testantur.

58 1997 265 2050 Eutropius
285 1996 351 2037 lib.
371 2000 409 2039 6.
449 2011 479 2036 c.
491 2009 531 2050 7.
548 1996 799 2038 consobrinos

59 2063 189 2093 vocat:
229 2056 271 2093 in
305 2068 383 2108 quo
413 2054 449 2092 ei
479 2068 560 2093 non
598 2053 800 2105 ass'entior3

59 2111 126 2149 nisi
148 2111 186 2158 fi,
208 2110 298 2150 duas
320 2110 471 2149 sorores
494 2110 644 2150 duobus
664 2110 801 2151 Lucul-

58 2165 105 2205 lis
132 2167 302 2221 nupfiffe,
331 2166 470 2219 aliquis
502 2167 652 2208 dixerit.
691 2167 797 2222 quod

59 2225 154 2262 mihi
176 2237 255 2263 non
267 2226 308 2264 fit
318 2223 531 2264 verisimile.
554 2224 669 2264 video
682 2227 798 2275 enim,

55 2282 113 2326 M.
132 2279 329 2320 Lucullum
351 2278 457 2319 fimul
479 2295 563 2321 cum
585 2283 703 2321 Lucio
722 2281 799 2322 fra·

58 2339 117 2376 tr'e
145 2337 310 2377 Seruilio.
343 2338 479 2386 auguri
513 2338 614 2376 diem
653 2337 796 2387 dixisse,

60 2394 129 2446 qui
184 2396 291 2434 Lucii
343 2404 488 2449 patrem
547 2394 794 2436 accusauerat.

59 2463 174 2503 quam
195 2465 274 2489 rem
297 2452 343 2489 iis
371 2451 499 2491 verbis
529 2453 665 2491 Cicero
693 2466 794 2492 com-

27 2512 33 2516 '
59 2509 297 2547 memoratio
316 2508 516 2560 prooemio
539 2507 605 2549 lib.
619 2523 658 2562 4.
681 2509 794 2549 Acad.

60 2574 102 2602 vt
120 2567 278 2604 Lucium
300 2573 337 2603 et
357 2566 540 2610 Marcum,
559 2567 601 2603 in
621 2563 797 2607 vlciscen-

59 2619 111 2658 do
127 2619 304 2668 Seruilio,
327 2633 404 2659 non
427 2620 699 2669 consobrinos,
732 2622 796 2662 sed

59 2675 172 2734 plane
203 2691 399 2727 germanos
429 2675 564 2716 fratres
594 2678 796 2728 agnoscere

62 2732 262 2785 videatur:
291 2734 466 2774 ait-enim
486 2733 534 2774 de
545 2737 684 2776 Lucio:
711 2735 796 2778 Ad-

1550 84 1605 134 27

866 182 1019 224 modum
1029 183 1265 239 adolfi-ens,
1275 205 1361 232 cmn
1370 192 1520 246 fratre,
1537 211 1605 252 pa-

864 242 904 280 ri
925 243 1100 308 pietati-‚¹
1117 256 1156 284 et
1186 246 1379 303 industria
1412 256 1606 307 praedito,

859 307 1048 362 paternas
1084 303 1310 345 mimia-isias
1342 321 1484 365 magna
1517 328 1604 356 cum

858 355 989 406 glorta
1025 355 1076 410 est
1100 359 1323 410 persecutus.
1410 370 1605 421 Verbum,

859 411 1008 461 pietas,
1054 414 1215 455 cundem
1264 422 1416 475 vti-ique
1456 439 1603 480 patrem

865 465 973 505 fuisse
994 469 1166 511 ostendit.
1226 472 1444 519 Plutarchus
1474 486 1602 536 etiam,

865 537 949 561 cum
980 526 1046 572 ait,
1083 530 1177 567 viuo
1211 530 1332 571 adhuc
1363 538 1483 578 Lucio
1519 557 1603 584 rem

864 581 944 618 eius
966 580 1206 624 domesticam
1226 601 1247 626 a
1269 591 1398 631 Marco
1410 593 1527 638 fratrc
1538 613 1604 650 gu-

859 638 1069 687 bernatam,
1089 655 1288 691 germanos
1308 652 1436 701 potius
1457 654 1606 706 fratres,

862 708 976 746 quam
996 697 1258 750 consobrinos,
1284 704 1471 754 significat.
1532 715 1602 754 Sesl

861 753 980 792 Marci
1001 767 1235 807 praenomen
1256 761 1303 800 ab
1333 762 1519 820 adoptiuo
1539 785 1603 824 pa-

862 818 921 848 tre
939 812 992 849 M.
1014 813 1206 854 Terentio
1219 821 1393 860 Varrone
1412 822 1602 880 sumptum

862 867 923 905 cst.
954 881 1055 917 nam,
1082 884 1103 909 a
1123 873 1316 914 Terentio
1345 882 1518 922 Varrone
1538 886 1603 925 ad-

860 934 1057 976 optatum,
1115 929 1257 970 indicat
1298 935 1433 976 Cicero
1471 938 1538 981 lib.
1566 956 1602 996 3.

859 982 900 1019 iu
912 985 998 1021 Ver.
1012 997 1040 1022 c.
1049 995 1119 1037 70.
1144 1000 1228 1026 cum
1241 987 1361 1039 legem
1372 995 1601 1040 Terentiam

860 1048 898 1076 et
917 1040 1076 1079 Caffiam
1097 1047 1291 1096 nominat,
1323 1047 1438 1091 latam
1458 1067 1480 1093 a
1508 1055 1601 1097 duo-

857 1095 929 1133 bus
960 1097 1127 1138 eiusdem
1156 1105 1247 1142 anni
1287 1107 1519 1158 consulibus,
1546 1117 1600 1156 M.

857 1153 1052 1249 {Terentio
1083 1160 1270 1211 Varrone,
1326 1174 1363 1204 et
1399 1168 1442 1207 C.
1477 1171 1599 1212 Caffio

879 1213 972 1250 ’πα

916 1310 1024 1353 Cedit
1041 1315 1219 1371 religioni
1236 1316 1285 1358 de
1304 1323 1498 1376 exercitu]
1525 1331 1600 1368 An-

857 1376 916 1406 tea
937 1378 1077 1418 tamen,
1095 1372 1468 1420 reducendum'cum
1495 1397 1600 1425 exer-

858 1426 935 1464 citu
958 1440 1098 1476 regem,
1119 1431 1257 1470 Cicero
1285 1435 1498 1479 censuerat:
1534 1443 1600 1482 ha·

855 1483 941 1521 buit
979 1486 1080 1523 enim
1114 1490 1328 1531 orationem
1366 1506 1439 1546 pro
1474 1498 1599 1540 Ptole-

858 1553 967 1578 maeo
988 1541 1226 1585 reducendo:
1267 1562 1311 1586 ex
1340 1563 1414 1602 qua
1445 1556 1598 1608 Aquila,

856 1597 1166 1648 Fortunatianus,
1192 1613 1231 1642 et
1253 1605 1406 1658 Capella
1439 1614 1598 1654 recitant

855 1652 947 1692 haec
979 1656 1116 1696 verba:
1161 1659 1348 1712 Diffr'cilis
1380 1669 1487 1708 ratio
1506 1668 1600 1711 belli

847 1710 1037 1776 gerendi5
1063 1725 1108 1754 at
1126 1715 1364 1771 plenafidei‚
1386 1723 1504 1776 plena
1519 1729 1598 1780 pie·

853 1777 963 1808 tatts.

915 1866 1073 1923 Tenem]
1110 1872 1299 1916 Obtineri.
1357 1881 1421 1921 ‘Sic
1448 1882 1598 1929 locutus

858 1923 909 1988 εξ(
930 1926 1032 1978 epist.
1043 1938 1083 1979 7.
1113 1929 1158 1969 Si
1186 1945 1248 1972 res
1269 1933 1507 1986 facultatem
1531 1943 1597 1984 ha-

859 1979 991 2021 bum-a
1009 1982 1205 2034 videmur,
1226 2001 1272 2029 vt
1290 1994 1597 2051 Alexandriam,

857 2047 972 2103 atque
989 2041 1200 2096 Aegyptum
1223 2056 1353 2088 tenere
1376 2052 1494 2105 poffis.
1551 2060 1597 2098 Et

857 2096 959 2147 epist.
991 2107 1029 2148 9.
1075 2097 1249 2153 Etianqfi‘
1270 2101 1431 2157 portun'i
1465 2124 1598 2156 tenere

854 2164 928 2190 non
951 2166 1078 2208 queas.
1160 2158 1205 2196 Et
1235 2158 1302 2200 lib.
1319 2175 1382 2217 14.
1415 2166 1461 2206 ad
1484 2172 1595 2212 Attic.

854 2209 957 2260 epist.
983 2219 1047 2251 12.
1078 2211 1174 2252 Tam
1190 2216 1353 2267 claram,
1372 2232 1525 2281 tamque
1543 2239 1597 2268 te-

837 2263 993 2330 ιβαηυζι
1022 2281 1125 2316 rem,
1159 2281 1313 2329 tamque
1341 2279 1490 2334 iustam,
1518 2286 1595 2326 Bu-

852 2319 1051 2369 thronum,
1071 2338 1144 2365 non
1164 2327 1375 2373 tenebimur
1394 2338 1526 2395 aliqua
1542 2356 1595 2382 esc

847 2379 994 2430 parte?
1023 2382 1069 2419 Et
1086 2382 1126 2420 iu
1142 2396 1237 2425 orat.
1251 2402 1322 2442 pro
1338 2392 1463 2433 Sextio
1484 2413 1514 2438 c.
1528 2411 1592 2454 53.

854 2433 946 2474 Non
965 2438 1092 2476 tenuit
1123 2454 1208 2481 eum
1235 2445 1376 2495 lacum,
1405 2452 1446 2490 in
1472 2469 1594 2510 quem,

850 2489 932 2542 nisi
941 2494 1137 2544 popularis
1161 2496 1228 2551 effi}-
1246 2503 1424 2560 volug'ffbt,
1444 2509 1595 2562 facilli-

850 2560 910 2587 me
923 2549 1160 2606 perueng‘ffbt.

902 2632 1026 2688 Qiod
1029 2639 1216 2682 commode
1218 2643 1355 2698 fircere
1357 2649 1463 2702 pollis
1478 2664 1503 2694 E
1511 2665 1538 2694 R
1545 2667 1593 2698 Ν.

850 2687 974 2750 de
1014 2699 1201 2737 commodo
1237 2716 1318 2742 rem
1345 2699 1483 2756 [ἂι-ενι·
1512 2715 1597 2765 pos-

837 2746 921 2799 st]
952 2745 1158 2801 Commodo,
1185 2769 1257 2808 pro
1277 2764 1474 2815 commode,
1495 2772 1592 2810 anti-

1511 2839 1587 2881 qlle
