1863 3172
236 175 503 235 gerebantur.)
590 179 763 217 Imitatus
814 179 865 216 est
903 176 981 216 for-

242 233 334 274 taffe
352 235 656 281 Demosthenem,
677 236 743 287 qui
770 234 815 272 fic
835 236 874 272 in
898 248 982 273 ora·

242 293 350 331 tione
373 301 449 338 περὶ
480 294 526 329 τῦ
556 298 697 336 ςεφάνὸ·
746 288 862 329 τκῧτκ
889 297 981 339 ὁρῶν,

242 347 285 395 (κ’
316 354 384 394 ’γὲ-’ς
411 346 447 391 ἦν
483 350 630 398 ἀφανῆ.)

300 405 432 460 Quam
453 414 568 443 erant
586 404 661 444 illa
680 404 824 459 grata]
880 405 984 443 Inui-

241 469 325 499 tum
344 458 381 498 se
401 459 447 499 dc
469 462 625 514 pristina
648 459 829 500 sententia
853 460 984 515 depul-

239 514 323 555 sum
353 515 439 563 effe,
483 527 534 564 et,
574 516 705 556 omiss'a
753 520 981 570 optimatum

240 572 375 621 causs'a,
396 572 500 612 suam
521 572 773 622 voluntatem,
795 574 842 612 ad
862 589 983 627 popu·

239 627 381 668 larium
405 624 561 677 ciuium,
596 632 740 683 optime
771 630 817 668 ‹le
845 630 881 669 se
907 646 983 670 me-

238 688 427 733 ritorum,
481 686 699 736 dignitatem
748 687 982 736 aggregasse,

239 743 379 797 probat
400 743 472 782 hoc
492 755 731 793 argumento,
759 744 862 796 quod
895 744 982 784 licet

239 802 282 839 in
309 798 536 851 quibusdam
561 814 640 838 non
666 815 762 847 eam,
788 814 903 852 quam
923 816 983 840 ex·

240 854 447 908 speeiarat,
495 855 731 895 voluntatem
766 860 983 905 agnouerit,

239 911 346 950 illico
369 923 494 951 tamen
517 913 562 952 de
588 925 716 951 vetere
741 912 894 953 suorum
927 916 982 952 in·

238 969 455 1013 flitutorum
487 969 594 1009 cursu
617 969 663 1007 ad
696 984 797 1009 noua
830 971 980 1011 consilia

237 1039 318 1065 non
347 1025 552 1066 deflexerit.
582 1027 633 1064 est
654 1028 756 1065 enim
779 1028 872 1066 boni
891 1031 980 1075 viri,

239 1081 287 1119 de
319 1081 512 1136 republica
548 1083 833 1131 vehementius,
864 1099 980 1137 quam

238 1136 286 1176 de
310 1136 384 1177 suis
403 1140 529 1187 rebus,
547 1153 591 1179 ac
619 1138 666 1178 de
694 1139 731 1178 se
754 1140 850 1195 ipso,
875 1141 979 1182 labo-

236 1208 335 1234 rare.

293 1252 409 1308 ,Quae
422 1250 618 1306 fecerant]
648 1254 721 1293 Pro
748 1252 866 1301 salute
883 1268 978 1295 mea.

237 1306 344 1346 decet
366 1309 480 1356 enim,
501 1310 687 1348 maiorem
706 1312 839 1350 haberi
862 1314 978 1351 ratio-

235 1378 326 1403 nem
345 1364 531 1411 beneficii,
553 1379 667 1418 quam
689 1369 866 1407 iniuriae.

299 1419 423 1475 Teste]
508 1424 587 1470 Qui
612 1424 776 1464 studium
805 1424 909 1465 illius
936 1428 977 1465 in

236 1490 323 1517 mea
349 1476 466 1517 salute
491 1478 654 1519 videras.

294 1533 370 1574 Sed
389 1549 518 1575 amore
542 1535 679 1589 etiam]
764 1539 857 1576 Non
879 1552 978 1577 ama-

237 1604 322 1629 mus
348 1593 502 1644 pariter,
526 1594 664 1645 quibus
704 1591 908 1642 debemus,
942 1606 979 1635 et

238 1661 350 1699 quOS,
372 1649 486 1687 etiam
507 1651 533 1688 si
554 1648 702 1690 nullum
722 1651 770 1690 ab
795 1652 841 1688 iis
863 1653 977 1691 bene-

237 1705 365 1743 ficium
401 1708 676 1759 acceperimus,
710 1707 892 1747 amandos
924 1720 976 1748 ta-

234 1774 326 1799 men
348 1761 419 1801 effe
439 1763 660 1803 iudicamus.
703 1766 899 1812 Amabam,
920 1767 977 1805 in·

237 1820 336 1870 quit,
351 1821 585 1873 Pompeium,
599 1819 686 1860 ante
698 1835 811 1874 quam
832 1824 866 1861 ei
879 1822 974 1861 obli-

234 1883 345 1923 gatus
364 1874 488 1923 effem,
510 1877 653 1916 iudicio
674 1892 774 1925 meo,
793 1879 896 1932 quod
911 1880 975 1918 ha-

234 1931 305 1970 bui
324 1929 472 1988 semper
497 1932 543 1973 de
570 1933 672 1974 illius
702 1936 857 1985 virtute,
890 1950 972 1991 per·

233 1997 374 2029 motus.

294 2042 411 2100 Qid
424 2044 491 2084 ille
510 2045 646 2099 vellet]
676 2046 839 2088 Volebat
857 2048 972 2098 idem,

235 2103 342 2153 quod
362 2100 511 2148 Caesar,
535 2101 596 2141 vel
614 2103 805 2144 affinitatis
838 2106 971 2156 caussa,

235 2157 342 2209 quod
360 2161 440 2197 eius
461 2157 628 2198 filiamin
648 2164 896 2202 matrimonio
909 2165 972 2203 ha·

229 2214 371 2264 bebat3
401 2213 462 2253 vel
484 2217 723 2268 quorundam
745 2222 972 2273 optimatum

233 2269 418 2323 :impulsus
464 2274 628 2312 iniuriis.
713 2274 759 2315 de
796 2284 875 2329 quo
927 2280 973 2318 fic

234 2330 340 2381 epist.
364 2335 399 2376 8.
454 2329 642 2384 Dignitas
662 2331 733 2371 illa
762 2336 973 2385 confitlccris

231 2382 365 2438 amiffiz
385 2384 448 2438 ςΙῖ,
468 2387 580 2436 culpa
599 2401 741 2436 corum,
773 2392 840 2444 qui
868 2406 890 2429 α
909 2393 971 2443 se-

232 2450 333 2479 natu
359 2452 396 2480 et
420 2440 594 2480 ordinem
624 2446 969 2496 co›1iunc7is71'm2m›,

234 2507 274 2535 et
293 2496 476 2537 hominem
503 2498 747 2552 clarffmum
776 2497 970 2544 abaliena-

232 2563 385 2593 verunt.

290 2608 486 2661 Pristinis]
513 2611 628 2660 Qod
643 2621 729 2651 ante
743 2612 875 2652 exsulii
895 2615 970 2653 mei

1038 64 1558 107 COMMENTARIVS

1093 177 1190 232 Ego]
1222 179 1323 216 Tria
1345 180 1457 232 ponit
1486 177 1670 232 exempla,
1701 180 1783 232 qui-

1037 234 1108 273 bus
1131 233 1271 286 probet
1291 233 1508 276 libertatem
1538 236 1641 276 suam
1660 237 1701 275 in
1729 235 1785 276 di·

1040 289 1158 329 cenda
1184 288 1379 329 sententia.

1095 344 1255 386 sedente
1277 346 1341 385 Cn.
1363 348 1552 399 Pompeio]
1612 351 1657 388 In
1685 347 1784 387 iudi-

1041 403 1114 449 cio,
1135 417 1218 442 cum
1242 401 1463 442 defenderet
1486 406 1655 445 Sextium
1676 408 1784 445 Cice-

1040 473 1100 506 ro,
1125 459 1171 498 de
1192 461 1231 497 vi
1252 458 1464 498 accusatum
1496 461 1544 500 ab
1575 461 1784 502 Albinoua-

1038 530 1103 555 no.
1135 517 1248 555 exstat
1279 518 1417 555 oratio.

1094 585 1284 638 Sextium]
1332 587 1455 625 Sextii
1487 585 1643 640 plebeii,
1672 587 1783 644 Sqstii

1038 645 1199 696 patricii.
1284 642 1445 695 Lapides
1479 643 1712 698 Capitolini,
1744 655 1782 686 et

1038 714 1186 738 nummi
1216 711 1376 738 veteres.

1096 752 1288 810 Introfft
1309 758 1349 795 in
1370 754 1519 808 vrbem]
1546 757 1663 805 ond
1683 768 1725 798 vt
1745 761 1782 799 ei

1038 809 1150 851 saluis
1168 812 1313 861 legibus
1335 811 1477 860 liceret,
1512 827 1531 850 a
1558 813 1688 854 senatu
1709 817 1781 855 im-

1036 879 1265 922 petrauerat.
1294 867 1457 921 alioqui,
1476 883 1560 908 cum
1584 872 1673 911 efl'et
1694 886 1780 912 cum

1036 928 1203 979 imperio
1251 925 1523 964 frumentariae
1571 931 1779 968 curationis

1038 982 1172 1030 eaufl'a,
1193 983 1328 1022 vrbem
1347 984 1512 1022 introire
1527 997 1604 1022 non
1617 997 1780 1038 poterat.

1096 1053 1216 1105 Testis
1239 1051 1440 1105 Vatinius]
1471 1054 1514 1091 T
1518 1055 1600 1093 estis
1625 1058 1664 1096 in
1695 1054 1781 1097 Sex-

1037 1112 1155 1155 tium3
1185 1109 1230 1148 de
1252 1123 1329 1163 quo
1359 1112 1401 1147 in
1433 1112 1633 1161 oratione,
1665 1109 1780 1168 quam

1035 1169 1077 1207 in
1097 1181 1184 1207 eum
1205 1168 1341 1206 Cicero
1370 1166 1515 1206 habuit.

1092 1239 1272 1279 Amicum
1290 1235 1353 1291 effe
1369 1235 1536 1291 coepiffiv]
1584 1239 1777 1280 Marcelli-

1036 1309 1088 1334 no
1108 1297 1224 1342 enim,
1248 1305 1284 1334 et
1302 1292 1474 1347 Philippo
1492 1294 1593 1339 coss.
1614 1310 1693 1348 quo
1713 1312 1779 1337 an·
1836 1339 1838 1342 ,

1035 1366 1088 1391 no
1113 1354 1259 1392 Sextius
1281 1350 1328 1391 de
1348 1352 1388 1390 vi
1404 1350 1562 1390 caussam
1584 1351 1692 1401 dixit,
1715 1354 1778 1394 de·

1036 1411 1158 1448 creuit
1180 1411 1317 1448 Cicero
1334 1406 1398 1447 sua
1422 1407 1604 1448 sententia
1625 1411 1777 1452 Caesari

1036 1464 1328 1520 supplicationes
1358 1464 1575 1518 quindecim
1613 1467 1777 1519 dierum,

1036 1523 1276 1576 stipendium,
1307 1521 1434 1561 decem
1460 1521 1625 1572 legatos:
1672 1536 1714 1566 vt
1733 1528 1777 1566 in

1036 1593 1133 1619 orat.
1155 1579 1201 1619 de
1218 1580 1430 1633 prouinciis
1462 1593 1490 1618 c.
1506 1591 1524 1620 Ι
1537 1592 1572 1621 1.

1087 1649 1238 1700 Bibuli]
1297 1652 1421 1698 Qtem
1445 1651 1622 1690 Vatinius
1636 1654 1774 1705 ‘’tribu.

1032 1722 1104 1746 nus
1129 1706 1264 1760 plebis,
1288 1719 1325 1746 et
1350 1705 1486 1746 Caesar
1511 1706 1640 1746 consul
1669 1713 1773 1752 exire

1033 1763 1150 1803 domo
1187 1764 1486 1818 prohibuerant,
1524 1779 1572 1804 ne
1603 1766 1772 1808 Caesaris

1031 1822 1113 1861 afta
1133 1821 1345 1875 impediret.
1383 1822 1534 1869 Cicero,
1558 1823 1774 1875 Suetonius,

1030 1877 1265 1925 Plutarchus,
1288 1880 1495 1931 Appianus,
1523 1880 1610 1918 Dio.

1088 1937 1269 1975 Omnium
1289 1934 1507 1987 triumphis,
1526 1935 1772 1993 viHoriisque

1030 1990 1247 2044 anteferre]
1333 1992 1558 2045 Triumphis
1585 1995 1769 2050 Pompeii,

1029 2051 1204 2088 vietoriis
1224 2046 1406 2089 Caesaris.

1085 2107 1224 2146 Eodem
1246 2106 1355 2159 teste]
1396 2107 1590 2159 Pompeio.

1084 2164 1239 2204 Eosdem
1257 2160 1341 2217 effi]
1372 2164 1441 2202 His
1462 2164 1590 2202 verbis
1614 2178 1683 2203 nee
1699 2166 1767 2219 ipfi

1029 2221 1212 2273 Pompeio
1251 2221 1430 2272 pepercit.
1477 2221 1509 2258 is
1541 2222 1644 2259 enim
1693 2236 1766 2276 pro

1027 2276 1185 2316 Caesare
1219 2275 1371 2315 consule
1411 2286 1540 2315 contra
1573 2277 1767 2328 Bibulum,

1028 2336 1107 2372 eius
1129 2332 1324 2383 collegam,
1337 2335 1443 2372 omni
1461 2348 1539 2372 non
1561 2333 1684 2374 solum
1695 2337 1766 2376 stu-

1028 2390 1107 2438 dio,
1128 2390 1190 2429 sed
1214 2393 1327 2429 etiam
1347 2393 1594 2431 contentione
1613 2391 1765 2432 dimica-

1027 2449 1094 2487 vit.
1123 2446 1350 2494 Plutarchus,
1373 2458 1410 2487 et
1430 2446 1508 2487 alii.

1082 2505 1360 2560 Interrogatio]
1419 2505 1555 2544 Oratio
1581 2507 1622 2545 in
1658 2509 1765 2546 Vati-

1027 2562 1134 2599 nium
1167 2562 1418 2610 interrogatio
1460 2563 1521 2601 est.
1559 2562 1624 2602 lib.
1646 2577 1683 2606 2.
1712 2563 1761 2603 ad

1026 2620 1150 2667 QFr.
1173 2620 1274 2670 epist.
1295 2631 1334 2671 4.
1380 2620 1603 2666 Vatinium,
1635 2636 1660 2660 α
1688 2634 1762 2676 quo

232 2663 480 2706 calamitatem
509 2667 704 2719 senseram,
731 2669 902 2711 reuersus
925 2674 966 2711 in
1019 2675 1151 2726 palam
1172 2676 1351 2726 (Sextius)
1373 2675 1676 2730 oppugnabatur,
1697 2691 1761 2715 ar-

227 2738 389 2782 Patsiam
410 2722 512 2764 idem
531 2723 632 2765 senfi.

1648 2733 1762 2775 vide-

1696 2800 1761 2832 tur

1021 2731 1173 2773 bitratu
1201 2732 1328 2786 nostro
1350 2732 1589 2775 concidimus.
