1863 3172
214 137 301 182 226

273 243 485 302 Legitimo]
543 247 742 292 Quantum
772 239 835 280 lex
864 243 962 280 Cor-

217 305 318 347 nelia
339 301 578 343 concedebat.
606 299 708 353 epist.
729 309 794 339 10.

277 360 390 418 Qid
423 360 524 397 enim
561 353 786 408 reprehendi
812 352 959 407 potest]

218 422 271 459 Ex
290 421 370 463 his,
403 427 500 468 quae
527 411 709 459 Synnadis
742 424 815 465 pro
843 411 961 450 tribu-

216 474 295 516 nali
322 471 525 526 disputaui.

272 543 407 601 ιρζιιιῙί
416 540 602 593 consulto]
660 539 761 587 Qiia
782 537 828 576 de
847 535 957 575 indu-

217 605 306 644 stria
323 599 424 640 visus
445 601 497 638 est
522 597 682 644 edicere,
713 609 760 633 ne
785 596 869 646 quis
901 595 956 632 in-

217 658 316 699 iuss'u
347 656 415 695 suo
442 659 602 694 Romam
633 649 958 706 proficisceretur3

215 726 259 756 vt
277 713 591 768 impedimentum
623 708 854 763 profee'hxris
883 709 958 744 Ro.

213 787 316 812 mam
339 769 595 819 legationibus
626 767 823 805 obiiceret.

268 843 307 884 Si
341 842 447 881 cuius
471 840 604 888 aures]
663 835 825 883 Qiaerit
852 835 957 874 enim

212 898 350 941 caussas
384 895 669 936 discordiarum.

267 969 464 1019 Ediflum]
510 968 563 1006 Ex
590 977 668 1018 quo
695 963 737 1002 in
754 963 956 1018 prouincia

210 1031 271 1070 ius
289 1027 463 1066 dicerem.

273 1095 575 1139 Translatitium
618 1091 689 1147 est]
747 1091 956 1136 Vfitatum‚

212 1153 317 1210 quod
336 1154 384 1192 ad
404 1165 535 1193 omnes
553 1147 955 1189 consuetudinet1·ans-

207 1215 341 1255 fertur.
380 1212 426 1250 sie
451 1206 604 1248 Coelius
632 1208 736 1258 epist.
754 1217 790 1258 5.
843 1201 957 1258 Nqsti

209 1271 301 1310 haec
320 1267 579 1309 translatitia.
615 1261 682 1302 lib.
705 1274 741 1314 3.
771 1260 819 1300 ad
841 1262 953 1300 Attic.

209 1328 314 1380 epist.
333 1337 400 1377 23.
430 1323 615 1363 Alterum
626 1329 742 1372 caput
757 1318 809 1370 el}
824 1329 952 1358 trans-

209 1384 386 1425 latitium
411 1380 457 1420 de
483 1379 726 1431 impunitate.
766 1374 833 1425 lib.
848 1385 882 1417 1.
908 1376 951 1412 in

207 1444 297 1481 Ver.
330 1453 360 1477 c.
378 1450 446 1490 44.
475 1437 521 1476 ln
539 1449 583 1489 re
611 1443 693 1473 tam
711 1447 736 1472 v
754 1443 871 1479 nata,
883 1431 949 1482 fiz-

209 1499 262 1538 τίς
277 1495 328 1549 ψ
360 1493 562 1546 ostendere,
594 1504 722 1530 omues
748 1499 864 1529 antea
887 1489 949 1528 ius

207 1555 266 1594 ita
300 1548 447 1604 dixf'ffi’,
486 1559 523 1588 et
552 1547 619 1587 hoc
645 1556 755 1586 vetus
782 1542 949 1584 edibiam

194 1608 567 1661 Vtranslatitizmzque
589 1601 674 1659 ‘iffi-¹
695 1604 897 1641 Suetonius
907 1603 948 1640 in

205 1669 366 1708 Nerone
384 1678 414 1702 c.
429 1674 494 1716 33.
533 1662 713 1713 Raptum,
744 1661 850 1698 inter
870 1673 948 1698 ma·

202 1725 327 1764 ximo:
353 1719 516 1765 imbres,
542 1717 787 1758 translatitio
814 1715 947 1762 funere

204 1779 360 1821 extulit.
416 1778 459 1814 Et
485 1775 626 1814 Plinius
649 1771 715 1814 lib.
732 1783 797 1814 10.
828 1786 857 1811 c.
877 1783 943 1824 50.

204 1838 288 1877 Hoc
323 1835 491 1887 primum
529 1832 701 1884 antiquis
759 1843 941 1869 cenarum

202 1888 422 1933 interdiflis
447 1899 642 1940 exceptum
673 1887 836 1932 inuenio,
863 1888 942 1926 iam

202 1950 286 2006 lege
323 1947 362 1986 C.
391 1947 533 1985 Fannii
566 1943 742 1993 consulis,
777 1956 822 1981 ne
848 1940 945 1998 quid

202 2007 402 2049 volucrum
415 2013 633 2055 poneretur,
655 2010 810 2053 praeter
827 2012 942 2038 vnum

202 2063 406 2106 callixtum,
443 2072 540 2114 quae
574 2071 648 2097 non
680 2053 764 2111 esset
794 2055 943 2095 altilis.-

195 2096 307 2174 bquod
321 2115 458 2156 deinde
475 2125 589 2168 caput
606 2114 858 2158 translatum,
873 2121 943 2164 per

203 2189 326 2214 omnes
347 2175 445 2228 leges
467 2171 693 2212 ambulauit.
750 2172 855 2208 Haec
874 2170 944 2217 igi-

204 2241 267 2270 tur
285 2232 336 2270 est
353 2229 536 2268 sententia
556 2226 767 2268 Ciceronis.
825 2225 941 2274 Qiod

203 2288 318 2333 edixi,
339 2301 386 2325 ne
404 2285 515 2334 legati
524 2287 683 2323 Romam
702 2281 841 2322 iniussu
855 2296 942 2321 meo

202 2342 548 2398 proficiscerentur5
577 2355 620 2379 ex
638 2354 716 2393 quo
738 2339 941 2392 suspicatus

201 2416 254 2448 es,
273 2414 334 2439 me
357 2397 591 2451 exquisiuiffe
610 2396 771 2450 aliquid,
799 2398 840 2434 iu
860 2410 939 2448 quo

200 2468 235 2496 te
255 2456 511 2496 offenderem:
539 2456 634 2493 noui
653 2452 749 2492 nihil
765 2452 851 2500 feci,
874 2464 939 2491 aut

197 2528 219 2552 a
239 2528 300 2552 me
322 2513 557 2564 exquisitum,
582 2521 624 2550 vt
651 2513 863 2550 minuerem
883 2509 938 2548 di-

196 2572 377 2620 gnitatem
416 2579 539 2608 tuam:
587 2566 858 2608 translatitium
893 2566 934 2606 id

195 2627 281 2674 fuit,
300 2626 473 2664 vfitatum
491 2634 612 2663 antea.
643 2639 729 2663 cum
750 2626 853 2662 enim
864 2637 934 2662 nee

192 2685 365 2736 priuatae
384 2682 441 2720 rei
459 2679 592 2727 caussa,
618 2694 687 2719 nec
714 2691 755 2719 vt
781 2680 932 2718 homini

189 2741 355 2794 priuato,
376 2751 444 2775 trec
462 2747 503 2777 vt
522 2738 563 2774 in
582 2739 733 2789 priuato
754 2735 853 2783 loco,
867 2735 930 2774 sed

187 2808 230 2838 vt
255 2797 298 2836 in
325 2795 456 2836 senatu
485 2795 623 2844 gratias
654 2795 724 2834 tibi
743 2802 929 2846 tegerent,

432 131 659 176 PAVLLI
685 129 973 170 MANVTII
1004 128 1522 171 COMMENTARIVS

1014 241 1117 279 mitti
1134 238 1276 290 legatos
1312 241 1588 292 intelligerem3
1627 256 1694 284 cur
1717 247 1764 283 in

1016 311 1063 336 eo
1090 310 1152 335 me
1178 297 1226 336 de
1254 309 1320 337 tua
1348 303 1497 354 priuata
1528 300 1759 339 contumelia

1017 351 1190 402 cogitasse
1213 358 1346 408 putas?
1374 355 1478 410 quod
1503 357 1529 394 fi
1549 366 1615 395 tua
1633 360 1760 410 priua·

1015 421 1053 449 ta
1071 423 1145 456 τες,
1170 425 1250 449 non
1268 410 1433 463 publica,
1450 424 1646 463 ageretur;
1668 427 1759 466 que-

1014 466 1126 505 rendi
1143 466 1297 506 fortasse
1316 467 1363 506 de
1387 483 1448 508 me
1467 472 1491 508 si
1512 484 1591 508 non
1613 484 1759 518 veram,

1015 523 1216 576 speciosam
1244 535 1370 564 tamen
1399 525 1558 564 caussam
1583 527 1754 566 haberes.

1013 594 1126 626 nunc,
1152 583 1175 619 si
1204 583 1376 633 priuatae
1400 584 1458 620 rei
1489 581 1607 622 caussa
1638 583 1759 632 legari

1014 636 1263 685 credidissem,
1274 637 1386 691 plane
1399 638 1581 691 desipiens
1596 639 1758 679 fuiss'em.

1070 709 1228 749 Publica
1275 707 1378 749 orbis
1414 719 1547 748 terrae
1584 711 1756 763 confilio]

1014 766 1120 804 Orat.
1131 778 1170 818 4.
1201 768 1241 804 in
1275 768 1486 804 Antonium
1523 780 1551 804 c.
1577 769 1614 809 6.
1645 768 1760 807 Sena-

1012 833 1110 870 tum,
1133 821 1178 862 id
1196 822 1260 877 ‘st’
1279 821 1381 862 orbis
1399 834 1529 862 terrae
1549 824 1759 876 corfi'lium,

1011 877 1141 918 delere
1156 879 1283 936 gestit:
1314 883 1357 918 Et
1378 881 1418 917 iu
1440 878 1603 918 cundem
1618 894 1655 932 7.
1676 895 1694 919 c
1715 892 1759 933 7.

1015 935 1141 987 Turpe
1160 935 1383 989 qst‚fitmmo
1401 936 1553 987 coqfilio
1565 936 1664 976 orbis
1683 949 1759 977 ter-

1011 1005 1095 1037 rae,
1110 993 1342 1042 praesertim
1362 994 1402 1031 in
1433 1008 1476 1031 re
1502 1003 1585 1032 tam
1614 994 1756 1047 perspi-

1010 1060 1097 1095 cua,
1116 1048 1316 1100 confilium
1337 1050 1508 1102 intelllgi
1533 1050 1659 1106 cic-suff
1671 1067 1702 1091 e.

1068 1132 1323 1186 Exclrgfieos]
1361 1135 1516 1173 Priuaui
1547 1149 1611 1173 eos
1639 1137 1757 1189 profi-

981 1197 984 1199 ’
1011 1187 1171 1228 ciscendi
1197 1186 1388 1244 potestate,
1411 1193 1478 1244 qui
1498 1206 1559 1231 me
1579 1194 1620 1230 iu
1641 1194 1756 1232 eastra

1010 1245 1058 1285 ad
1074 1248 1260 1295 iconium,
1289 1258 1326 1287 et
1354 1250 1421 1301 qui
1449 1259 1550 1287 trans
1573 1251 1754 1288 Taurum

1008 1302 1184 1356 persequi
1211 1318 1290 1342 non
1320 1304 1480 1358 possent.
1517 1319 1604 1344 nam
1632 1308 1657 1345 fi
1684 1320 1755 1346 nee

1005 1359 1146 1399 iniufl'u
1166 1363 1364 1400 Ciceronis
1393 1363 1551 1400 Romam
1583 1365 1653 1410 ire,
1683 1377 1753 1401 nec

1005 1430 1124 1456 vnum
1143 1417 1317 1470 persequi
1340 1428 1441 1457 trans
1468 1421 1647 1458 Taurum
1668 1429 1755 1473 pot-

1005 1484 1125 1522 erant,
1143 1486 1185 1513 vt
1205 1475 1322 1514 eundi
1342 1474 1555 1514 facultatem
1576 1479 1754 1530 impetra·

1006 1542 1106 1578 rent,
1142 1531 1374 1570 videbar-tur
1419 1530 1580 1580 excludi,
1619 1533 1657 1572 id
1688 1535 1752 1582 est,

1004 1586 1160 1641 prorsus
1183 1591 1290 1627 omni
1319 1588 1434 1628 eundi
1460 1592 1618 1629 Romam
1645 1602 1753 1644 pote-

1004 1645 1274 1698 staterpriuari.
1331 1648 1415 1684 Hoc
1443 1645 1647 1699 suspicatus
1667 1656 1748 1686 erat

1002 1703 1162 1755 Appius.
1194 1705 1331 1742 Cicero
1355 1701 1507 1742 refellit.

1056 1774 1104 1812 122
1122 1772 1266 1829 castra]
1303 1773 1360 1810 Ad
1388 1775 1572 1817 Iconium.
1593 1773 1693 1826 epist.
1711 1781 1748 1825 ς.

1000 1832 1037 1872 6.
1066 1840 1102 1868 et
1127 1828 1194 1869 lib.
1214 1841 1277 1880 15.
1304 1831 1410 1882 epist.
1429 1844 1468 1883 4.

1055 1900 1185 1941 Trans
1204 1900 1396 1954 Taurum]
1442 1901 1614 1939 Iconium
1645 1900 1748 1940 cuim

999 1958 1051 1995 eis
1070 1959 1252 1996 Taurum
1273 1956 1359 1997 fuit.

1058 2025 1335 2079 commoratus]
1346 2025 1509 2065 Biduum
1521 2023 1744 2071 Laodiceae,

999 2084 1249 2136 quatriduum
1260 2087 1462 2137 Apameae,
1479 2083 1643 2121 triduum
1657 2094 1747 2126 :2511-

999 2141 1121 2188 nadis,
1155 2140 1316 2180 totidem
1339 2139 1550 2178 Philomeli.
1581 2140 1626 2176 iic
1643 2140 1744 2177 emm

998 2197 1138 2252 scripsit
1156 2197 1204 2236 ad
1214 2201 1402 2237 Catonem
1422 2195 1488 2236 lib.
1512 2207 1570 2248 15.
1584 2196 1687 2248 epist.
1700 2208 1742 2246 4.

997 2253 1108 2294 aliter
1128 2266 1255 2294 tamen
1279 2253 1345 2294 lib.
1371 2266 1407 2305 ς.
1435 2252 1483 2292 ad
1505 2255 1615 2291 Attic.
1637 2253 1742 2305 epist.

1003 2316 1065 2354 16.
1095 2322 1132 2351 et
1159 2323 1228 2354 20.
1279 2313 1548 2350 Commoratus
1601 2319 1744 2357 autem,

997 2371 1087 2421 quia
1110 2371 1170 2407 ius
1187 2370 1228 2406 in
1251 2369 1297 2405 iis
1315 2366 1440 2420 opidis
1462 2367 1567 2407 dixit.
1596 2362 1749 2420 quaiuae

995 2425 1218 2464 risdiffione
1243 2423 1339 2462 nihil
1369 2421 1619 2478 aequabiliuS,
1641 2420 1742 2462 nihil

994 2480 1132 2529 lenius,
1156 2479 1253 2520 nihil
1281 2483 1435 2531 grauius
1465 2480 1538 2520 ess'e
1562 2477 1741 2532 potuisse,

993 2537 1134 2592 scripsit
1161 2537 1227 2578 lib.
1251 2551 1294 2591 5..
1316 2538 1364 2576 ad
1385 2540 1494 2577 Attic.
1529 2538 1632 2590 epist.
1645 2547 1712 2577 20.

1053 2624 1093 2661 V
1089 2621 1315 2662 cuditionem
1346 2621 1597 2670 tributorum]
1633 2621 1735 2659 Cum

988 2680 1090 2717 enim
1125 2681 1223 2728 exigi
1265 2676 1439 2717 celeriter
1474 2678 1617 2717 tributa
1652 2690 1737 2715 non

986 2734 1152 2788 possunt,
1201 2734 1426 2775 venduntur
1473 2733 1600 2779 alicui,
1651 2734 1734 2783 qui,

984 2794 1120 2846 quanti
1142 2793 1246 2840 emit,
1265 2802 1411 2833 tantum
1438 2793 1560 2832 statim
1588 2788 1636 2827 de
1660 2787 1733 2827 suo

1594 2858 1716 2886 nume
