1863 3172
184 115 265 158 218

400 105 625 147 PAVLLI
653 102 949 158 MANVTII
977 105 1496 150 COMMENTARIVS

619 215 1129 254 *EPISTOLAE
1187 219 1252 258 v1.

550 307 1366 357 ARGVMENTVM.

293 415 462 472 Ostendit
481 414 704 471 congrqffbm
723 431 749 456 a
761 416 807 468 fi
827 417 1048 469 expetitum,
1083 416 1132 457 ab
1158 418 1274 468 Appio
1299 418 1466 458 vitatum
1481 435 1494 456 .·
1520 419 1566 470 fi
1592 429 1720 458 tamen

185 478 219 515 ei
228 475 319 528 fore
337 469 603 524 amiciffimum.
631 477 815 527 quaedam
836 474 948 512 addit
966 479 1011 513 de
1022 474 1091 524 suo
1111 475 1258 524 itinere,
1287 484 1329 513 vt
1349 476 1489 526 Appius
1505 476 1719 530 constituat,

184 546 254 586 quo
272 533 349 572 loco
369 541 449 568 eum
477 532 676 569 conuenire
684 528 807 582 pnffit,

281 652 310 664 μ
673 631 1250 672 EXPLANATIO.

188 724 308 802 Nm
352 724 474 779 magis
510 721 603 761 mibi
641 717 786 771 faueo]
829 721 925 758 Non

286 780 411 818 minus
439 793 459 818 a
481 789 539 825 te,
565 791 679 830 quam
704 789 724 813 a
745 789 806 813 me
828 775 924 828 ipso,

184 837 361 890 praestari
382 837 567 874 amicitiae
581 835 729 872 nostrae
749 846 804 879 ea,
825 846 924 885 quae

186 893 385 939 debentur,
407 893 529 932 officia
548 893 672 944 cupio.

242 950 334 990 Meo
346 949 479 1003 fufio]
518 948 632 997 Qiod
653 961 674 985 a
694 960 755 985 me
781 943 923 984 fastum

183 1008 246 1052 est,
261 1017 301 1045 vt
313 1016 349 1046 te
369 1007 628 1052 conuenirem,
647 1014 851 1056 antequam
861 1004 922 1040 de-

185 1063 347 1103 cederes.

238 1121 348 1174 Qcaq
367 1120 421 1158 im·
438 1132 486 1158 ex
508 1115 683 1168 Phania]
707 1116 817 1169 Epist.
831 1125 865 1164 ς.
882 1156 885 1163 1

243 1174 353 1231 Nost}
382 1175 530 1228 locum]
562 1175 829 1214 Honestiorem
858 1163 923 1210 {ci-

184 1234 284 1281 licet,
305 1247 420 1284 quam
438 1230 578 1283 reliqui
596 1229 736 1269 liberti.

243 1292 288 1330 In
303 1293 431 1342 primu
457 1286 685 1340 prouincia]
718 1287 804 1324 Dixi
833 1286 922 1331 iam,

184 1349 344 1402 primam
376 1346 511 1385 vrbem
540 1345 763 1397 prouinciae
787 1341 924 1381 Laodi-

186 1419 287 1445 ceam
308 1401 428 1442 fuisse.
450 1402 554 1454 epist.
577 1402 762 1454 proxima.

244 1459 316 1501 Vbi
333 1474 389 1498 me
408 1463 686 1514 quamprimum
705 1455 924 1507 viderepos-

172 1518 265 1572 ses]
296 1521 343 1555 Vt
363 1515 584 1561 Laodiceae,
613 1514 652 1552 id
675 1515 738 1560 est,
781 1515 820 1551 in
847 1516 925 1566 pri-

182 1589 242 1614 ma
274 1574 470 1627 prouincia
483 1587 494 1616 ;
548 1571 651 1623 quod
690 1573 732 1609 L.
764 1569 924 1610 Clodius

185 1632 341 1670 dixerat.
369 1643 452 1668 mos
482 1630 584 1667 enim
611 1627 708 1674 fuit.
728 1638 768 1666 vt
790 1629 832 1673 ii,
856 1629 924 1679 qui

185 1687 437 1732 decedebant,
463 1684 706 1724 successorem
741 1683 927 1736 &speeta-

183 1755 270 1786 rent
292 1746 333 1783 iu
363 1745 484 1797 prima
515 1743 726 1796 prouincia.
754 1742 839 1780 Lib.
865 1754 926 1783 12.

186 1802 232 1842 ad
254 1804 362 1841 Attic.
393 1801 494 1854 epist.
515 1799 581 1842 26.

242 1861 296 1899 Eo
321 1855 539 1912 dfif'fflsti]
570 1857 615 1893 In
644 1852 816 1893 vltimam
836 1867 926 1907 pro-

186 1917 370 1955 vinciam:
401 1913 447 1952 de
466 1926 545 1966 quo
565 1912 610 1950 sic
637 1908 703 1951 lib.
734 1923 769 1962 ς.
801 1911 926 1949 adAt-

185 1976 247 2012 tic.
272 1973 374 2025 epist.
401 1973 463 2012 16.
521 1969 682 2021 Appius,
701 1977 748 2006 vt
771 1969 926 2006 audiuit

186 2045 252 2070 nos
270 2031 413 2078 venire,
430 2030 472 2066 itz
493 2026 671 2065 vltimam
687 2027 926 2076 prouinciam

174 2089 221 2138 fi·
240 2086 410 2132 coniecit,
432 2082 598 2132 Tarficm
615 2093 752 2134 usque:
793 2079 848 2120 ibi
863 2080 926 2133 fo-

186 2157 275 2182 rum
301 2143 394 2198 agit.
441 2150 478 2179 et
506 2138 651 2179 ibidem
678 2136 835 2191 epistola
873 2136 925 2176 se-

187 2210 330 2253 quenti.

241 2254 307 2295 Ad
322 2251 599 2305 decedendum]
630 2254 707 2290 Lex
729 2249 926 2298 Cornelia,

1036 721 1087 759 Ec
1123 720 1174 775 est
1203 723 1243 759 in
1263 721 1422 775 multis]
1454 720 1568 760 Abest
1594 719 1668 760 hoc
1693 733 1720 758 a

981 791 1067 815 meo
1087 789 1215 818 vetere
1235 777 1358 818 libro:
1386 790 1422 816 et
1441 776 1527 815 sanc
1544 775 1722 825 glofl'ema

980 833 1052 872 effe
1087 837 1215 887 potuit
1251 835 1557 880 antecedentium
1587 833 1723 873 verbo-

980 905 1078 929 rum.
1644 901 1646 903 ’

1036 947 1175 985 Forum
1196 948 1333 1002 agere]
1372 950 1434 986 Ius
1455 946 1594 986 dicere.
1615 946 1719 999 epist.

981 1008 1017 1048 8.
1039 1013 1074 1041 et
1093 1001 1157 1041 lib.
1184 1014 1220 1054 5.
1252 1003 1300 1041 ad
1328 1007 1442 1045 Λαὶς.
1476 1005 1578 1058 epist.
1605 1011 1667 1047 ιι).
1687 1010 1725 1041 et

978 1061 1116 1098 Festus.

1035 1116 1204 1169 succedi]
1237 1118 1322 1165 Pro,
1335 1115 1533 1156 succeffum
1553 1118 1613 1156 iri.
1626 1128 1723 1156 vnus

978 1175 1157 1225 antiquus
1185 1174 1299 1220 liber,
1341 1174 1522 1213 accedere.

1012 1244 1015 1254 ¹
1033 1243 1198 1295 Absenti
1214 1244 1337 1299 mihi]
1368 1246 1466 1283 Cum
1494 1255 1548 1292 tu,
1568 1242 1725 1285 absente.

981 1314 1055 1347 me,
1073 1302 1187 1340 Tarfi
1208 1299 1337 1341 forum
1358 1314 1499 1350 ageres,
1558 1303 1651 1340 Non
1670 1300 1723 1338 di-

981 1359 1055 1405 cit,
1082 1357 1230 1406 absenti
1258 1373 1282 1397 a
1307 1360 1530 1408 prouincia,
1569 1371 1655 1396 cum
1683 1359 1725 1396 in

980 1428 1063 1452 eam
1094 1416 1170 1453 iam
1200 1414 1368 1454 veniss'et.
1406 1413 1510 1467 quod
1539 1413 1650 1468 supra
1669 1415 1726 1451 in-

977 1471 1116 1524 fraque
1134 1472 1297 1510 ostendit
1316 1489 1323 1509 :
1355 1471 1416 1510 sed
1439 1470 1585 1510 absenti
1605 1470 1653 1510 ab
1676 1484 1724 1510 eo

979 1526 1079 1575 loco,
1098 1530 1164 1567 vbi
1184 1526 1314 1567 forum
1351 1530 1493 1582 Appius
1522 1529 1667 1577 agebat.

1037 1598 1279 1654 Damam]
1327 1600 1421 1638 Tua
1461 1599 1726 1639 i11risdiffione

983 1656 1167 1695 Tarsenfi.

1037 1726 1263 1780 Paucitate]
1301 1725 1439 1766 Exfiles
1459 1725 1628 1775 legiones
1657 1738 1726 1764 vo-

984 1794 1042 1822 cat
1069 1782 1133 1823 lib.
1155 1796 1190 1836 5.
1209 1786 1256 1822 ad
1273 1786 1388 1824 Attic.
1410 1785 1513 1838 epist.
1528 1794 1586 1835 15.

1041 1850 1163 1909 Abeffi
1182 1866 1269 1896 ,tres
1297 1854 1490 1909 cohortes]
1530 1856 1655 1893 Paeiav
1674 1851 1726 1892 se-

983 1912 1144 1950 ditione.
1177 1914 1349 1965 quinque
1378 1915 1552 1950 nominat
1581 1910 1647 1951 lib.
1669 1920 1725 1962 15.

982 1969 1085 2021 epist.
1121 1981 1162 2020 4.
1221 1970 1335 2016 Cum,
1363 1970 1508 2021 inquit,
1543 1980 1630 2007 anre
1657 1965 1725 2006 ad·

981 2036 1137 2065 ventum
1174 2039 1298 2065 meum
1325 2025 1519 2075 seditione
1560 2027 1728 2081 quadam

981 2085 1174 2122 exercitus
1192 2080 1274 2136 ‹ffbt
1303 2081 1527 2135 dzffipatus,
1560 2083 1727 2136 quinque

982 2139 1148 2179 cohortes
1163 2139 1253 2191 stne
1280 2142 1424 2193 legato,
1458 2138 1541 2190 fine
1569 2137 1727 2177 tribuno

977 2197 1171 2243 militum,
1210 2194 1372 2250 denique
1401 2196 1625 2247 etiarztszize
1646 2207 1728 2234 cen-

981 2255 1134 2293 turione
1151 2253 1233 2292 vllo
1250 2251 1357 2304 apud
1374 2250 1623 2291 Philomelam
1643 2264 1727 2291 con-

185 2316 228 2353 L.
250 2310 372 2350 Sullae
392 2311 600 2355 (heimoris,
622 2308 851 2347 concedebat
869 2322 926 2347 re-
970 2307 1170 2364 fidg'ffi'nt,
1213 2309 1383 2364 reliquus
1418 2309 1607 2347 exercitus
1643 2304 1727 2360 ‘ffi’ss

187 2370 355 2409 &oribus
383 2367 690 2420 prouinciarum,
710 2375 751 2404 vt
771 2379 840 2418 per
861 2366 926 2404 tr-i-

184 2429 288 2475 ginta
315 2424 392 2462 dies
425 2425 507 2476 post
536 2420 752 2460 successoris
786 2420 926 2460 aduen-

184 2494 265 2522 tum
286 2483 324 2518 in
347 2481 545 2532 prouincia
565 2480 709 2517 morari
743 2477 900 2530 poss‘ent.

244 2537 402 2589 Alieni]
435 2539 528 2575 Non
560 2537 695 2581 amici,
726 2533 832 2581 nulla
861 2548 924 2574 ne-

187 2593 401 2632 ceffitudine
424 2593 629 2630 coniuness.

244 2648 431 2701 Tatgsum]
461 2651 505 2686 In
532 2646 726 2694 Ciliciam,
767 2648 809 2685 in
841 2646 927 2686 vlti-

184 2721 285 2747 mam
306 2706 565 2758 prouinciam:
606 2703 710 2756 quod
736 2702 831 2743 dixit
855 2702 923 2748 lib.

187 2777 222 2816 5.
244 2763 288 2802 ad
311 2763 419 2802 Attic.
441 2763 544 2814 epist.
565 2763 621 2802 16.

982 2367 1023 2404 in
1051 2367 1266 2418 Lycaonia:
1317 2365 1380 2405 M.
1413 2366 1561 2404 Anneio
1598 2364 1726 2417 legato

983 2424 1171 2473 imperant·
1183 2451 1193 2469 ‚
1222 2431 1267 2461 vt
1288 2436 1352 2461 eas
1377 2423 1541 2476 quinque
1561 2421 1726 2468 cohorter

983 2478 1037 2518 ad
1064 2478 1251 2531 reliquum
1296 2480 1509 2517 exercitum
1557 2479 1724 2517 duceret.

981 2535 1193 2573 Cohortem
1232 2548 1276 2573 ex
1307 2532 1479 2586 pluribus
1522 2531 1724 2584 manipulis

981 2592 1164 2638 constare,
1193 2591 1245 2629 ait
1261 2595 1384 2629 Varro
1404 2588 1471 2627 lib.
1485 2602 1522 2641 4.
1549 2589 1594 2627 de
1618 2591 1722 2627 LA..

981 2649 1021 2686 in
1053 2661 1095 2685 ea
1125 2645 1234 2686 fuisse
1269 2647 1443 2685 homines
1480 2648 1723 2697 quingentos,

980 2703 1136 2744 Valerio
1155 2705 1339 2751 Maximo,
1381 2701 1588 2746 Plutarcho,
1628 2703 1720 2740 Cae-

983 2760 1084 2808 sare,
1126 2762 1301 2813 Appiano
1333 2759 1487 2800 testibus
1524 2759 1721 2813 probatur.

1635 2828 1724 2853 nam
