1863 3172
264 81 325 139 ⁷6

266 202 340 234 tur.
382 202 586 246 propterea
626 189 837 238 subiungit:
877 201 914 230 et
941 203 1011 229 me-

263 249 415 291 hercule
431 264 552 289 arnor.

323 308 364 346 V
360 302 567 355 icleantur]
593 304 724 351 Magni
744 303 886 341 amoris
899 315 1009 352 argu-

263 374 458 408 mentum,
491 372 528 400 vt
559 357 797 398 voluntatem
832 358 1010 413 sequatur

268 422 415 473 opinio.

324 471 586 524 Aduersarii]
616 474 695 522 Qui
722 473 922 526 optimates
947 473 1012 514 ha-

265 532 349 572 beri
371 530 565 571 volebant.

323 601 538 643 Concedam
561 600 712 654 omnes]
744 602 843 638 Cum
871 598 1011 639 intelli·

261 670 374 710 gant,
403 659 558 698 honeste
587 672 647 696 me
667 671 688 696 a
711 657 906 709 Pompeio,
949 658 1010 695 cui

262 728 410 757 tantum
424 713 791 762 debeam,diffentire
804 728 882 751 non
893 712 1008 765 posse.

319 787 391 828 Vel
417 783 591 837 taceam]
618 785 775 823 Transit
804 784 849 822 ad
886 785 1009 824 mino-

262 858 317 886 ra.
345 858 446 891 nam,
467 843 493 882 fi
511 841 744 888 conceditur,
765 851 807 879 vt
827 855 869 879 ea
881 839 1009 880 defen·

264 902 339 948 dat,
361 915 458 953 quae
469 900 671 953 Pompeius
682 895 789 944 velit,
800 913 833 935 m
842 898 922 938 ulto
933 912 1009 937 ma-

258 961 330 1009 gis,
349 969 391 997 vt
408 967 552 998 taceam
582 956 745 995 maxime
766 969 876 1003 vero,
897 966 938 994 vt
959 955 1009 994 ad

261 1015 383 1057 studia
426 1014 463 1054 se
491 1012 633 1053 referat
659 1010 894 1052 litterarum:
928 1026 1009 1065 quo

261 1072 388 1113 videri
410 1069 543 1125 posse-t,
565 1083 621 1116 ea,
653 1082 751 1121 quae
770 1070 1008 1116 fierent‚non

258 1130 439 1185 probare,
462 1138 498 1167 et
518 1125 640 1165 multo
662 1128 779 1174 magis
811 1125 1008 1166 consulere

258 1186 458 1226 videretur
488 1183 665 1233 dignitati
695 1181 803 1230 suae,
834 1197 947 1235 quam
980 1184 1007 1222 fi

256 1242 321 1282 vel
344 1240 564 1281 defenderet
582 1242 623 1279 in
632 1239 776 1287 senatu,
787 1253 885 1292 quae
897 1241 1006 1279 Pom-

255 1302 364 1357 peius
391 1297 518 1345 vellet,
539 1295 602 1337 vel
618 1298 733 1336 etiam
753 1307 905 1337 taceret.

316 1372 389 1410 Per
408 1367 572 1409 eiusdem
594 1366 831 1421 amicitiam]
862 1369 936 1407 vui
946 1383 1006 1409 ro-

251 1429 379 1479 ganti,
401 1435 442 1467 vt
471 1427 512 1465 in
531 1423 660 1464 senatu
689 1423 825 1474 adfim,
845 1427 1005 1478 eiusque

253 1483 493 1525 voluntatem
513 1481 728 1530 defendam,
746 1495 818 1535 pro
838 1484 1003 1523 amicitia

257 1539 378 1582 deesse
395 1554 477 1579 non
497 1538 657 1594 possum.

311 1609 513 1663 Perfunft'i
544 1608 730 1665 astemus]
784 1607 1006 1661 Perfum‘ius

253 1667 318 1722 ‘ffi’
347 1668 498 1715 dicitur,
521 1670 588 1720 qui
613 1666 659 1706 ad
681 1668 823 1705 exitum
843 1666 1004 1706 alicuius

253 1719 324 1773 fei,
346 1727 420 1765 flue
435 1723 614 1778 optabilis
634 1738 678 1764 ea
699 1724 753 1770 fit,
772 1724 848 1762 fiue
859 1735 1004 1772 contra,

252 1786 330 1823 iam
343 1783 533 1837 peruenit.
559 1783 699 1835 prioris
721 1782 868 1830 generis
882 1795 1005 1821 exem-

251 1839 359 1896 plum
387 1839 460 1877 hoc
482 1839 551 1877 est:
587 1837 770 1893 perfungi
802 1838 1003 1879 honoribus

248 1895 495 1951 amplf'ffimis.
529 1904 567 1934 et
580 1892 646 1935 lib.
669 1906 704 1947 3.
728 1894 774 1933 de
795 1896 902 1934 Orat.
918 1910 948 1934 c.
961 1909 1001 1937 2.

248 1955 333 2011 ‚Qtji
353 1956 386 1992 ei
410 1966 531 1992 annus
559 1953 710 2005 primus
742 1951 791 1991 ab
822 1951 1002 1992 honorum

247 2008 513 2066 perfunffione
535 2007 700 2054 aditum,
729 2009 892 2048 omnium
917 2021 1002 2048 con-

250 2065 356 2122 cqfiz,
377 2065 629 2115 adsnmmam
646 2064 913 2105 auHoritatem
934 2066 1000 2103 da-

247 2123 330 2172 bat,
360 2125 393 2164 is
426 2124 508 2162 eius
545 2135 687 2160 omnem
716 2119 850 2174 finem,
889 2131 1000 2174 atque

249 2181 376 2221 omnia
401 2180 505 2219 vitae
523 2177 682 2229 cmfilia
706 2187 824 2218 morte
849 2187 1000 2229 peruer-

249 2240 315 2278 tit.
371 2239 414 2276 Et
434 2234 620 2289 Sulpicius
651 2233 717 2274 lib.
745 2247 785 2286 4.
819 2235 923 2288 epist.
963 2245 997 2287 5.

251 2294 431 2334 Omnibus
468 2294 572 2331 honis
605 2301 718 2346 prope
758 2291 999 2344 perfuntffam

249 2346 328 2405 effi.
389 2349 610 2388 posterioris
639 2349 787 2398 generis
820 2347 931 2402 plura
961 2357 998 2388 et

250 2405 353 2458 apud
374 2406 473 2444 hunc
492 2407 675 2453 nostrum,
704 2415 741 2445 et
766 2403 868 2459 apud
898 2401 995 2444 alios

251 2461 423 2516 exempla
475 2461 725 2515 suppeditant.
807 2460 995 2514 Defungi‚

249 2518 351 2558 valet
371 2520 485 2566 idem,
514 2518 575 2557 sed
595 2519 665 2557 hoc
676 2517 816 2566 differt,
837 2517 942 2572 quod
953 2520 996 2557 in

249 2574 386 2615 malam
402 2586 548 2629 partem
569 2575 727 2628 semper,
743 2586 801 2615 rvt
821 2589 904 2614 mea
919 2589 997 2614 me·

250 2636 374 2673 moria
402 2634 474 2679 cst,
510 2634 713 2684 accipitur:
769 2646 848 2685 quo
876 2631 995 2672 modo

249 2689 406 2729 Coelius
435 2688 501 2727 lib.
538 2695 573 2735 8.
606 2690 706 2741 epist.
741 2700 775 2730 1.
802 2688 889 2728 Vsus
923 2690 994 2728 est:

249 2747 304 2789 Et
326 2747 393 2788 boc
424 2746 635 2794 mendacio,
647 2744 698 2800 st
720 2759 797 2801 qua
822 2746 996 2799 pericula

490 79 715 120 PAVLLI
751 78 1035 119 MANVTII
1063 76 1593 119 COMMENTARIVS-

1068 191 1140 232 tibi
1160 189 1427 244 impenderent,
1444 201 1488 231 vt
1504 190 1813 246 defungeremur,

1069 247 1211 298 optaui.

1124 302 1337 358 Dignitns]
1368 304 1483 354 Qod
1506 316 1586 345 erat
1597 305 1810 359 praemium

1066 363 1320 400 maximorum
1346 360 1533 401 laborum.

1126 414 1376 470 CapelJenda]
1418 416 1730 457 Administranda.
1769 415 1810 455 id

1070 476 1171 513 enim
1193 475 1243 512 est
1262 473 1453 529 capeffere.
1485 477 1587 527 epist.
1617 474 1810 527 sequenti:

1071 532 1205 587 Neque
1222 533 1374 583 integra
1386 546 1428 571 re
1445 533 1539 571 mihi
1558 534 1611 569 ad
1628 530 1811 580 confiden-

1068 589 1178 635 dum,
1215 585 1479 641 capeffi’rernne
1524 587 1811 640 rempublicam,

1068 645 1284 695 implicatus
1304 644 1478 686 tenebar.
1506 646 1587 683 Lib.
1617 655 1652 696 3.
1682 641 1728 681 de
1752 658 1812 684 re-

1069 701 1173 754 publ.
1227 701 1328 755 apud
1374 702 1624 752 Augustinum
1661 697 1727 739 lib.
1769 714 1809 743 2.

1069 758 1114 797 de
1134 761 1208 798 ciu.
1227 761 1298 798 Dei
1317 773 1347 801 c.
1369 761 1452 801 21.ss
1512 758 1673 797 Omnino
1702 759 1812 799 nulla

1066 816 1279 867 respublica
1289 816 1365 871 fest,
1387 818 1565 872 quoniam
1576 827 1648 853 nou
1672 813 1724 870 est
1734 813 1740 821 ’
1750 830 1812 855 res

1060 873 1203 926 populi,
1221 886 1305 912 cum
1323 884 1510 925 tyrannus
1530 885 1627 918 eam,
1639 869 1813 923 fafiioue
1861 910 1863 915 ,

1065 926 1237 981 eapefflct.
1267 930 1351 968 Lib.
1371 941 1409 984 4.
1439 927 1538 983 apud
1563 929 1724 966 eundem
1742 928 1807 969 lib.
1860 958 1862 964 .

1066 999 1105 1028 2·
1132 1000 1161 1024 c.
1178 997 1240 1026 10.
1266 986 1466 1036 Aeschines
1487 983 1736 1037 Athenieuqfi's,
1748 987 1812 1027 vir
1857 1026 1862 1033 ,

1065 1041 1397 1095 eloquentzffimus,
1407 1041 1494 1082 cum¹
1509 1040 1719 1093 adolescens
1732 1055 1813 1081 tra·

1060 1098 1219 1151 goedias
1250 1097 1479 1154 aflitauiffi’t
1491 1127 1503 1146 ,
1542 1097 1812 1150 rempublicam

1063 1154 1269 1207 capqffiztit.

1123 1213 1253 1252 Nulla
1269 1225 1357 1253 cum
1376 1207 1598 1265 grauitate]
1632 1210 1810 1253 Affentiri

1064 1270 1168 1309 enim
1199 1271 1268 1316 iis,
1307 1279 1439 1309 contra
1463 1282 1560 1321 quos
1597 1278 1706 1307 antea
1736 1271 1811 1309 rei-

1063 1325 1235 1380 publicae
1246 1325 1366 1366 caussa
1377 1325 1545 1373 senseris,
1559 1323 1721 1365 leuitatis
1730 1328 1797 1366 est.
1862 1344 1863 1349 ¹

1120 1382 1292 1436 Paucis]
1332 1385 1368 1423 Si
1407 1384 1540 1435 pauci,
1577 1395 1656 1434 quo
1690 1383 1810 1423 modo

1062 1442 1110 1480 ab
1130 1443 1176 1480 iis
1199 1439 1334 1480 frustra
1351 1439 1588 1480 dissentitur?
1616 1441 1705 1491 quia
1717 1454 1811 1493 pau-

1063 1500 1097 1537 ci
1116 1497 1271 1550 quidem
1295 1497 1485 1552 principes
1498 1494 1670 1545 ‚Caesar,
1702 1499 1812 1538 Pom-

1062 1557 1196 1609 peium,
1217 1553 1393 1603 Craffus,
1435 1553 1498 1594 sed
1525 1550 1644 1593 faetio
1674 1568 1811 1596 eorum
1855 1589 1858 1593 .

1061 1626 1238 1652 maxima.
1859 1657 1863 1663 ,

1117 1667 1305 1722 Frustra]
1342 1667 1439 1721 Cum
1461 1666 1575 1705 etiam
1604 1667 1644 1706 in
1663 1666 1808 1718 senatu,

1062 1728 1129 1778 qui
1159 1724 1323 1764 alienior
1349 1723 1397 1779 ab
1425 1723 1470 1761 iis
1493 1733 1603 1763 antea
1629 1723 1715 1775 fuit,
1744 1740 1809 1767 au.
1850 1747 1863 1759 ‚—

1061 1785 1240 1825 &otitate
1261 1779 1469 1834 plurimum
1491 1779 1627 1820 valeat.
1729 1820 1736 1827 .
1858 1784 1863 1829 ζ

1117 1841 1180 1880 De
1197 1850 1266 1880 tua
1285 1835 1459 1888 ratione]
1488 1840 1545 1879 De
1563 1852 1622 1883 eo,
1645 1836 1749 1891 quod
1760 1836 1807 1878 ad
1859 1859 1863 1889 3

1059 1907 1098 1938 te
1119 1897 1299 1951 pertinet,
1318 1893 1365 1934 de
1384 1896 1487 1943 regia
1512 1894 1644 1934 caussa.
1859 1894 1863 1898 “

1113 1949 1302 2004 Senatus]
1341 1953 1412 1991 Per
1458 1965 1571 2004 quem
1617 1951 1806 1992 consecuti
1858 1975 1861 1982 ·

1058 2009 1156 2058 sunt,
1187 2023 1285 2063 quae
1305 2023 1353 2048 ne
1368 2022 1436 2062 per
1453 2008 1637 2062 populum
1649 2009 1805 2063 quidpm
1858 2027 1862 2036 ¹

1061 2068 1136 2106 fine
1169 2066 1356 2106 seditione
1385 2064 1421 2104 se
1447 2064 1590 2119 affequi
1621 2065 1724 2120 poffe
1746 2080 1805 2106 ar·
1859 2095 1863 2109 2

1056 2124 1312 2166 bitrabantur.
1370 2121 1558 2176 Populum
1579 2137 1658 2162 non
1681 2125 1804 2163 nomi-

1056 2191 1131 2224 nat.
1159 2182 1249 2234 quia
1277 2190 1529 2220 commutatus
1549 2181 1581 2219 is
1601 2194 1680 2219 non
1702 2191 1802 2220 erat:

1055 2236 1202 2291 semper
1215 2239 1317 2277 enim
1331 2235 1504 2277 Caesaris
1517 2236 1674 2277 czuffam
1691 2240 1801 2277 iuuit.
1859 2263 1863 2273 .

1111 2292 1270 2346 Otium]
1304 2295 1397 2332 Satis
1430 2293 1617 2347 superque
1643 2294 1803 2342 ‚habebi-

1055 2366 1153 2398 mus,
1180 2353 1204 2389 fi
1225 2364 1295 2405 per
1318 2364 1398 2398 eos,
1417 2353 1484 2404 qui
1503 2366 1631 2391 rerum
1648 2353 1804 2405 potium

1053 2419 1128 2456 tur,
1148 2409 1260 2448 nobis
1281 2406 1410 2447 licebit
1429 2407 1501 2447 effe
1521 2409 1659 2448 otiosis.

1110 2462 1374 2517 praestatum]
1414 2466 1659 2512 Permittent‚
1701 2462 1798 2503 nihil

1052 2530 1095 2561 vt
1114 2534 1280 2571 agamus,
1309 2530 1346 2560 et
1375 2521 1518 2570 otiosa,
1536 2533 1574 2562 et
1591 2519 1798 2574 tranquilla
1861 2523 1863 2573 j

1052 2579 1132 2619 vita
1164 2576 1418 2631 perfruamur.

1111 2635 1285 2691 ‚Qidam
1305 2635 1496 2689 homines]
1527 2637 1569 2673 In
1589 2633 1723 2688 primis
1741 2632 1796 2671 M.

1053 2693 1165 2738 Cato,
1187 2692 1346 2743 eiusque
1368 2690 1541 2732 sororum
1560 2693 1647 2738 viri,
1668 2690 1797 2728 Μ.Βί-

1052 2746 1190 2797 bulus,
1211 2757 1257 2804 et‘
1281 2749 1325 2788 L.
1353 2750 1547 2790 Domitius
1575 2746 1797 2841 Aheno'bar-

1734 2814 1794 2849 ας,
1861 2811 1863 2816 ’
