1863 3172
326 83 396 123 IN
422 81 538 122 CIC.
565 80 763 122 npxsT.
790 80 927 121 FAM.
967 80 1080 121 LIB.
1103 81 1133 121 1.
1174 80 1370 122 EPIST.
1393 82 1476 122 vn.

135 205 199 234 cus
216 194 378 242 animus,
398 196 537 243 minus,
566 209 679 248 quam
697 209 818 241 amor,
830 196 871 233 fi-

132 251 303 300 gnificat:
340 253 399 299 sic,
432 266 509 290 non
539 255 679 291 amicus
709 254 870 300 animus,

132 309 258 347 minus
289 321 402 359 quam
422 309 553 348 odium
575 308 694 350 valet:
739 320 778 348 vt
802 307 869 347 lib.

133 376 170 406 2.
189 364 236 403 ad
250 368 300 413 Q
312 368 371 406 Fr.
396 367 497 420 epist.
525 379 560 420 3.
576 365 721 422 erffits
733 368 871 405 aderat

128 433 227 466 tum,
241 422 390 462 Miloni
407 425 533 464 animo
554 439 627 464 non
639 426 772 471 araim,
785 436 872 476 pm,

130 476 267 517 leuiter
298 480 476 519 infensus.

188 536 423 592 Pompeium]
455 533 700 576 Consulatum
726 536 797 574 hoc
809 549 873 573 an-

131 605 184 630 no
199 594 424 635 cumCrass'o
446 604 664 644 gerentem:
690 593 795 647 quod
816 594 872 631 in-

128 647 187 689 fra
206 660 319 703 patet.

189 708 280 747 Non
311 706 431 757 solum
472 721 497 745 a
524 720 582 746 me
625 704 871 760 prouocatus]

128 765 275 804 Tribus
287 764 410 804 modis
431 763 568 813 legitur
583 766 623 803 in
641 765 807 816 antiquis
829 762 872 801 li-

129 822 230 861 bris:
260 836 332 861 non
342 822 471 874 sahmi
491 837 514 860 a
543 835 602 861 me
621 832 873 874 prouocatus:

128 880 252 918 reae:
281 894 354 919 non
367 879 496 930 stilum
526 893 586 917 me
613 888 871 930 prouocante:

127 945 167 973 et
188 935 260 974 hoc
279 937 400 975 reete:
427 950 500 976 non
514 936 643 985 solum
664 950 722 975 me
738 948 873 988 prouo-

127 1003 262 1033 catus:
299 1004 339 1033 vt
370 995 410 1032 in
459 992 648 1041 Medium,
689 1003 726 1032 et
764 991 871 1031 aliis:

125 1048 319 1090 mendose.

184 1107 260 1146 Sua
275 1105 425 1160 sponte]
454 1107 637 1146 Libenter
647 1106 872 1159 Pompeium

127 1174 286 1217 purgat:
316 1175 471 1204 veretur
491 1166 607 1211 enim,
628 1178 675 1202 ne
692 1177 766 1215 qua
777 1166 874 1200 Len-

127 1217 213 1260 tulo
243 1220 290 1261 de
330 1223 410 1261 eius
463 1220 669 1275 cupiditate
712 1219 872 1272 suspicio

126 1277 301 1318 haeserit,
330 1279 436 1332 Epist.
453 1289 488 1319 1.
528 1278 724 1328 Infitiatu
741 1278 874 1330 palam

121 1334 182 1389 fic
209 1338 289 1390 egit
316 1332 479 1388 cauffimt
509 1346 638 1384 tuam,
669 1345 714 1374 vt
742 1335 874 1388 neque,

129 1403 198 1432 ete.
230 1394 340 1446 Epist.
365 1406 403 1435 2.
458 1393 586 1445 Ipfizm
627 1405 712 1431 cum
745 1389 875 1438 audio,

124 1449 284 1503 prorfiis
312 1463 397 1489 eum
426 1448 545 1490 libero
577 1450 680 1489 omni
692 1446 875 1501 suspicio-

128 1520 176 1547 ne
206 1505 444 1560 cupiditatis.

191 1563 437 1614 Temporibus
455 1560 555 1615 illis]
583 1564 681 1602 Cum
699 1570 875 1611 ageretur

128 1623 171 1660 in
193 1619 321 1660 senatu
343 1619 390 1658 de
403 1618 621 1659 Ptolemaeo
641 1618 872 1665 reducendo,

127 1676 356 1718 Marcellino
377 1688 414 1717 et
439 1675 614 1730 Philippo
639 1676 725 1717 coss'.
739 1675 873 1729 scripta

131 1736 234 1773 enim
254 1736 305 1774 est
324 1735 416 1773 haec
435 1733 592 1789 epistola
624 1735 812 1788 Pompeio
836 1742 872 1772 et

129 1790 261 1832 Crasso
283 1790 370 1831 coss.

185 1849 278 1889 Non
308 1845 430 1902 saepe'
469 1847 510 1886 in
555 1846 702 1898 finam
742 1842 873 1900 susse]

131 1904 247 1955 Quod
269 1904 358 1945 esset
381 1919 465 1944 cuin
483 1905 660 1958 imperio,
683 1903 875 1944 curationi

131 1962 404 2003 frumentariae
436 1962 683 2014 praepofitus.
723 1959 875 2010 ingredi

131 2022 233 2059 enim
253 2022 400 2067 vrbem,
430 2018 535 2069 quod
555 2020 632 2058 iam
651 2017 783 2058 dixifse
813 2031 874 2057 me

128 2077 311 2126 arbitror,
333 2091 412 2115 non
433 2074 572 2116 licebat
607 2077 668 2125 iis,
697 2077 766 2127 qui
789 2089 875 2114 cum

129 2136 295 2188 imperio
324 2132 452 2174 essent.

191 2192 283 2232 Non
292 2191 428 2244 saepe]
459 2187 654 2228 Interdum
679 2188 878 2241 enim‚qui

133 2243 240 2288 erant
258 2262 342 2288 cum
375 2248 552 2299 imperio,
583 2246 763 2298 petebant
780 2260 800 2284 a
823 2243 877 2284 se·

132 2315 236 2351 natu,
257 2316 298 2345 vt
318 2303 467 2354 ingredi
492 2303 627 2342 vrbem
649 2301 791 2343 liceret.
811 2305 879 2342 ita-

133 2377 208 2416 que
221 2364 433 2416 PompeiuS‚
454 2358 558 2412 quod
579 2361 682 2413 epist.
705 2372 740 2402 1.
758 2357 879 2399 decla-

133 2433 205 2466 rat,
234 2420 310 2469 egit
339 2416 493 2458 Lentuli
531 2415 690 2455 caussam
739 2419 779 2456 in
827 2414 879 2456 se-

133 2487 245 2516 natu:
288 2486 350 2523 et,
387 2486 428 2513 vt
451 2473 621 2513 laudaret
651 2477 688 2512 P.
711 2475 880 2514 Sextium

131 2546 256 2582 reum,
283 2530 470 2573 introiisse
489 2546 576 2570 eum
594 2532 634 2569 in
655 2532 804 2580 vrbem,
828 2530 879 2570 le-

132 2592 236 2640 gitur
256 2592 297 2630 in
315 2591 416 2643 epist.
435 2601 471 2641 9.
498 2587 602 2640 quod
619 2587 703 2627 aliis
721 2603 880 2642 quoque

132 2648 320 2702 probatur
345 2643 538 2699 exempli&

191 2702 312 2762 Qod
321 2703 444 2756 facile
468 2701 747 2750 intellexerim]
773 2701 881 2739 Nota

133 2773 215 2802 erat
235 2758 398 2809 Lentulo
431 2760 601 2812 Pompeii
629 2758 880 2804 taciturnitas,

1620 92 1674 135 59

928 205 964 234 et
992 194 1204 234 simulatio:
1252 193 1353 234 vnde
1381 193 1478 234 illud
1511 197 1614 250 epist.
1638 209 1676 249 ς.

931 252 1042 305 Nosti
1061 251 1222 292 hominis
1241 250 1483 299 tarditatem,
1513 265 1551 293 et
1580 256 1683 294 taci⁴

927 311 1170 349 turnitatem.
1202 319 1406 362 propterea
1436 311 1593 358 Cicero,
1624 326 1676 351 ne

928 366 1082 405 dubiam
1124 364 1227 418 sequi
1262 368 1518 406 coniecturam
1550 368 1677 409 videa-

929 435 1004 470 tur,
1026 423 1098 461 hoc
1127 422 1250 460 addit:
1287 423 1389 474 quod
1408 425 1534 476 facile
1562 428 1677 468 intel-

927 481 1104 520 lei-erim.
1192 480 1305 527 Quasi
1328 480 1446 520 dicat:
1477 497 1547 521 nec
1571 487 1675 524 enim

929 536 1015 576 suae
1036 535 1267 583 voluntatis,
1300 547 1341 576 vt
1369 537 1482 586 solet,
1515 540 1675 582 obscum

929 595 1027 643 figna
1047 593 1161 632 dedit.
1185 591 1306 632 infra:
1337 596 1552 647 pei-specius
1579 600 1629 652 est
1651 616 1677 640 a

911 666 999 710 ⁴me,
1027 662 1107 690 toto
1135 652 1260 690 animo
1288 650 1336 690 de
1364 664 1424 699 te,
1453 668 1498 693 ac
1526 654 1573 695 de
1597 659 1679 696 tut':

931 708 1181 753 ornamentis,
1211 719 1249 748 et
1275 709 1474 749 commodis
1493 714 1676 768 cogitare.

987 766 1203 815 Sapientia]
1234 767 1333 813 Qia
1352 767 1588 807 retinendam
1599 771 1677 809 viri

930 820 1146 861 excellentis
1176 824 1383 863 amicitiam
1412 824 1677 879 sapientiffime

927 879 1169 919 iudicaueris.

990 937 1082 987 Visa
1105 935 1173 987 ‘’st]
1219 936 1391 989 Proprie,
1425 936 1678 980 admira'hilis

927 993 1012 1045 visa
1032 992 1105 1048 est:
1133 991 1286 1032 fortasse
1311 1007 1389 1032 non
1412 996 1514 1043 item,
1545 997 1679 1036 iucun-

927 1049 979 1090 da
1001 1050 1084 1102 visa
1110 1049 1173 1105 est.
1219 1064 1287 1089 nec
1313 1060 1462 1101 tamen,
1488 1053 1676 1104 iucunda,

929 1106 1007 1146 alio
1027 1106 1164 1146 referri
1184 1107 1315 1159 potest.
1343 1107 1405 1147 sed
1424 1109 1619 1150 interdum
1635 1113 1679 1151 in

930 1163 1128 1203 scribendo
1148 1177 1204 1211 ea,
1225 1178 1322 1217 quae
1342 1163 1494 1216 longius
1526 1167 1678 1217 distant,

929 1221 977 1260 ad
997 1223 1171 1274 proxima
1192 1222 1311 1261 verba
1332 1225 1677 1267 accommodamus.

988 1277 1265 1329 Liberalitate]
1298 1281 1550 1329 significatur,
1570 1283 1677 1335 quod

929 1336 970 1374 in
986 1334 1088 1387 epist.
1106 1345 1141 1375 1.
1154 1334 1331 1389 scriptum
1345 1339 1415 1377 est:
1428 1340 1680 1391 cumsumma

929 1391 1191 1447 testificatione
1221 1404 1375 1433 tuorum
1407 1397 1449 1435 in
1464 1396 1513 1446 fi
1543 1396 1681 1450 ‘fficio-

928 1463 1027 1488 rum.
1057 1458 1094 1487 et
1116 1450 1156 1487 in
1177 1448 1307 1488 eadem
1329 1450 1451 1491 infra:
1475 1453 1584 1508 quod
1593 1469 1680 1494 eum

929 1504 1087 1560 ornasti,
1145 1505 1332 1545 Liberalis
1360 1519 1487 1549 autem
1508 1512 1548 1548 in
1570 1512 1680 1551 Pom-

929 1564 1058 1616 peium
1080 1561 1263 1614 Lentulus
1274 1563 1412 1613 fuerat,
1433 1581 1516 1605 cum
1540 1567 1585 1606 de
1598 1566 1678 1608 fru-

928 1621 1114 1658 mentaria
1127 1622 1323 1660 curatione
1333 1622 1380 1661 ad
1404 1637 1489 1662 eum
1505 1623 1680 1665 deferen-

929 1676 976 1715 da
999 1686 1036 1715 et
1053 1686 1181 1726 egerat
1203 1676 1346 1726 consul,
1360 1689 1397 1718 et
1415 1681 1648 1722 obtinuerat.

990 1734 1216 1787 Opinionem
1225 1735 1323 1784 βαι-ι·
1342 1736 1586 1791 cupiditatis]
1607 1741 1680 1778 Or-

931 1800 1008 1832 tam
1039 1804 1084 1830 ex
1115 1804 1175 1837 eo,
1211 1791 1318 1844 quod
1357 1794 1437 1833 eius
1471 1793 1679 1836 familiares

932 1861 1066 1886 omnes
1094 1846 1140 1889 de
1165 1861 1206 1886 re
1225 1847 1480 1891 Alexandrina
1509 1853 1545 1892 ei
1573 1868 1680 1893 man-

931 1903 1055 1943 danda
1105 1905 1352 1946 vehementer
1390 1909 1680 1952 contenderant.

932 1963 1036 2016 epist.
1054 1972 1088 2002 1.
1111 1971 1148 2001 et
1168 1972 1206 2003 2.

992 2020 1045 2060 Te
1070 2020 1170 2072 abst
1188 2021 1473 2077 abalienatum]
1529 2027 1678 2067 Moneo

930 2077 1130 2127 le&orem‚
1151 2080 1191 2117 in
1211 2079 1321 2119 nullo
1343 2092 1471 2123 vetere
1499 2081 1602 2123 libro
1630 2085 1678 2124 fic

929 2133 1019 2184 legi,
1050 2134 1112 2174 sed
1141 2146 1206 2175 aut
1239 2136 1385 2187 abess'e,
1418 2152 1470 2188 te,
1499 2150 1566 2180 aut
1593 2141 1681 2190 effe,

931 2205 1036 2239 tuae,
1058 2206 1136 2231 non
1155 2204 1205 2241 te,
1225 2205 1267 2234 vt
1292 2196 1334 2233 in
1346 2197 1544 2238 Medicco:
1571 2198 1679 2251 quod

931 2247 1061 2288 mendi
1085 2248 1333 2303 suspicionem
1362 2266 1485 2305 auget.
1513 2266 1682 2309 praeter-

935 2319 993 2353 ea,
1014 2319 1099 2360 pr0,
1119 2305 1231 2359 absi»,
1252 2311 1402 2363 antiqui
1423 2326 1557 2352 omnes
1574 2310 1680 2362 libri,

934 2364 964 2402 ii
988 2362 1156 2416 quidem,
1176 2366 1314 2417 quibus
1341 2380 1413 2416 ego
1445 2384 1546 2409 nunc
1574 2379 1679 2419 Vter,

935 2420 1091 2468 habent,
1110 2420 1177 2461 abs
1195 2433 1245 2461 ee.
1305 2424 1410 2477 quod
1436 2427 1681 2467 eruditorum

935 2476 1081 2517 iudicio
1105 2477 1417 2531 perpendendum
1440 2483 1679 2540 relinquam:

937 2544 1085 2577 tantum
1101 2533 1187 2582 feci,
1205 2545 1248 2576 vt
1267 2548 1435 2579 veterem
1458 2540 1683 2596 scripturam

935 2589 1100 2631 fideliter
1135 2592 1394 2635 ostenderem:
1433 2599 1538 2651 quod
1565 2597 1685 2640 officii

936 2649 1013 2686 mei
1038 2649 1138 2689 ratio
1165 2648 1356 2702 postulare
1380 2654 1594 2697 videbatur.

993 2703 1177 2758 Epistola]
1224 2708 1321 2747 Cum
1360 2710 1520 2764 dicatur,
1553 2710 1683 2767 epsso-

936 2760 1045 2809 lium,
1071 2772 1107 2801 et
1120 2762 1241 2818 stola,
1271 2769 1415 2809 Graece
1456 2780 1582 2812 autem
1615 2773 1685 2810 ἔτι·

1589 2838 1684 2875 ςολῆ,
