1863 3172
227 73 304 113 IN
329 74 448 113 CIC.
479 75 666 116 EPIST.
697 76 835 118 PAM.
883 79 994 119 LIB.
1018 81 1119 120 vm.
1158 81 1436 135 EPIST.,xr.
1522 89 1602 138 381

859 192 933 232 iret
965 194 1102 232 Cicero
1135 195 1175 232 in
1207 197 1457 249 prouinciam.
1542 198 1601 237 Sic

859 249 962 300 epist.
980 260 1011 289 1.
1065 249 1187 308 ,Quod
1212 252 1285 292 tibi
1315 252 1496 293 decedens
1519 255 1600 307 pol-

858 305 989 344 licitus
1009 304 1112 356 sum.

915 362 1037 427 Fieri]
1098 363 1321 404 prouinciae
1340 375 1487 423 tempu·
1507 379 1594 421 pro-

857 430 997 468 rogan.

61 182 218 236 quidem
265 184 372 226 senfit
408 189 644 237 Hortensius,
679 199 722 230 vt
751 192 802 229 est

60 238 128 280 lib.
143 254 178 295 3.
200 242 303 295 epist.
319 249 354 290 8.

112 298 198 338 Mei
218 296 332 351 ‹ffcii
351 298 417 351 est]
505 303 595 352 Ego,
622 302 728 356 quod
751 303 801 342 est

61 353 177 394 officii
199 355 286 401 mei,
308 354 346 393 id
373 359 582 408 praestabo.

112 409 327 462 Decedens]
358 415 443 461 Pro,
467 415 680 462 discedens,
715 428 800 454 cum

546 532 975 572 EPISTOLAE
1030 536 1096 576 xl.

450 623 487 666 A
526 621 635 666 RG
671 621 1193 674 VMENTVM.

188 720 278 759 Cum
301 719 443 765 Cin-ere,
471 717 614 759 litteris
630 719 876 770 adfine-atum
902 720 1025 772 mtffis,
1045 722 1347 775 supplicationes
1372 735 1443 777 pro
1461 724 1515 766 're
1544 728 1587 767 in

51 776 202 817 Amano
226 787 349 815 monte
366 775 453 815 bene
467 777 571 830 gesta
588 774 825 832 postulcff’t5
856 777 893 816 C.
918 778 1043 827 Curio,
1072 779 1251 818 mhunm
1274 780 1415 832 plebis,
1444 783 1586 823 Cicero·

51 836 113 873 nis
130 831 394 887 cupidgffinus,
417 834 544 872 iratus
559 832 726 884 senatui,
745 833 848 890 quod
863 836 899 874 ei
915 834 1076 887 potestas
1097 834 1238 888 agendi
1256 851 1341 876 cum
1355 839 1491 890 populo
1511 840 1586 880 eri-

46 899 222 943 peretur,
253 890 343 941 fieri
363 890 527 939 senatus
564 890 776 940 consultum
813 890 861 930 cle
880 891 1227 944 supplicationibus
1252 906 1326 932 non
1349 894 1585 946 patiebatur.

43 946 229 1000 postzemo
250 957 404 985 ventum
425 945 475 1000 est
497 944 553 985 ad
565 947 788 999 pzu‘lionem,
810 949 1057 999 permittente
1077 948 1238 988 Curione
1251 950 1415 999 senatus
1442 952 1586 1002 constal-

49 1012 134 1042 tum
143 1002 240 1054 fieri
248 1018 262 1052 ,-
291 1002 397 1042 modo
415 1003 545 1042 nullae
558 1011 758 1054 praeterea
778 1007 819 1042 in
838 1005 1028 1059 reliquum
1045 1019 1187 1045 annum
1221 1007 1492 1058 applicationes
1511 1010 1583 1047 eri·

44 1071 241 1112 perenmr.
275 1073 351 1113 qua
371 1070 454 1099 tota
479 1058 527 1098 de
550 1073 614 1107 re,
641 1070 677 1099 et
695 1059 743 1100 de
771 1064 951 1116 cuiusque
968 1061 1164 1112 sententia
1195 1077 1241 1102 ac
1267 1063 1466 1103 voluntate
1491 1063 1583 1104 dili·

42 1128 180 1173 genter
192 1117 340 1155 Coelius
359 1115 575 1167 perscribit.
632 1116 697 1156 De
715 1116 909 1169 republica
927 1128 1070 1157 narrat
1087 1119 1339 1158 contentiones
1358 1120 1463 1159 inter
1475 1121 1582 1159 Pom-

44 1175 175 1226 peium
195 1182 234 1212 et
255 1173 451 1212 Curionem
469 1171 517 1211 de
538 1168 742 1227 szzccqsJbre
763 1173 918 1224 Caesari
939 1173 1136 1214 mittendo.
1190 1175 1330 1214 Mittit
1355 1187 1581 1218 commenta-

49 1231 154 1270 rium
176 1242 309 1273 rerum
328 1229 579 1272 vrbanarum.
637 1230 852 1270 Sittianam
873 1233 1060 1283 negotium
1089 1230 1336 1272 commendat.

529 1343 556 1382 Ε
585 1342 619 1381 Χ
648 1343 673 1380 Ρ
701 1344 732 1382 L
762 1345 796 1384 A
826 1345 865 1383 Ν
895 1346 927 1384 A
951 1345 995 1383 T
1023 1346 1041 1383 Ι
1071 1345 1124 1388 O.

51 1431 215 1514 Curio]
254 1430 461 1470 Tribunus
480 1429 615 1484 plebis.

847 1431 958 1472 tiales
989 1434 1132 1472 exemit
1170 1445 1307 1472 omnes.
1343 1432 1445 1472 nam'
1466 1434 1583 1473 etiam

130 1486 365 1538 comitiales]
392 1488 502 1526 Dies:
527 1489 667 1542 quibus
683 1500 795 1538 agere

50 1556 134 1587 tum
154 1543 301 1600 populo
331 1542 479 1586 licebat.
657 1583 661 1596 Ι

105 1599 396 1656 Eripiebantur]
454 1603 544 1649 Qlo
557 1599 701 1639 modo?
729 1614 792 1638 au-

50 1659 186 1713 spiciis.
229 1659 319 1698 dum
357 1659 459 1696 enim
493 1656 714 1697 seruabatur
743 1657 790 1696 de

49 1715 167 1765 caelo,
191 1729 289 1768 quae
301 1714 441 1767 ffieHio
466 1716 687 1762 vocabatur,
706 1727 790 1763 age·

49 1788 92 1815 re
125 1787 210 1813 cum
251 1770 398 1827 populo
436 1785 515 1809 non
543 1771 692 1811 licebat.
741 1771 788 1810 de

49 1829 154 1871 caelo
174 1840 299 1869 autem
321 1828 533 1876 seruabant,
567 1842 648 1868 non
672 1841 788 1876 augu-

48 1902 123 1935 res,
142 1886 204 1927 sed
231 1887 484 1935 magistratus:
522 1884 626 1938 quod
651 1887 789 1925 Cicero

49 1945 280 1986 demonstrat
297 1945 337 1981 in
358 1940 449 1979 Phil.
463 1954 501 1983 2.
522 1956 551 1980 c.
568 1954 630 1994 32.
652 1945 789 1982 etVar-

49 2016 96 2043 ro
114 2000 214 2055 apud
234 2001 421 2041 Nonium.
457 1998 639 2037 Consules
659 2000 789 2047 igitur,

47 2058 145 2099 alter
166 2059 342 2103 ambone,
373 2055 419 2094 de
448 2054 551 2094 caelo
574 2054 788 2102 seruabant,

49 2131 97 2156 ne
116 2117 238 2156 Curio
270 2111 523 2153 comitialibus
553 2111 686 2151 diebus
705 2125 788 2160 age-

49 2187 92 2214 re
112 2187 196 2212 cum
215 2168 361 2225 populo
390 2168 521 2222 poffet.
556 2178 635 2207 erat
665 2179 793 2208 autem

47 2231 142 2270 haec-
162 2226 397 2281 impediendi
423 2224 651 2279 perniciosas
674 2226 792 2265 tribu-

50 2300 193 2329 norum
257 2284 475 2333 rogationes
520 2281 710 2335 praeclara
756 2293 793 2320 et

0 2335 1 2351 ¹
49 2342 154 2384 vtilis
176 2336 384 2383 admodum
418 2339 650 2391 reipublicae
670 2339 789 2377 ratio:

50 2414 128 2454 qua
173 2400 287 2441 etiam
328 2394 511 2435 Lentulus
546 2393 791 2435 Marcellinus

52 2454 183 2497 consul
220 2452 398 2494 aduersus
431 2451 530 2501 leges
561 2454 604 2492 C.
633 2452 792 2491 Catonis

52 2515 198 2555 tribuni
219 2510 340 2566 plebis
362 2508 447 2549 vsus
469 2510 539 2547 est:
580 2508 626 2547 de
649 2522 728 2560 quo
749 2508 793 2545 fic

53 2570 169 2612 lib.2.
187 2570 234 2608 ad
252 2569 373 2616 QFr.
398 2566 500 2618 epist.
515 2568 552 2608 6.
588 2565 728 2615 Consul
743 2562 794 2618 est

53 2628 229 2682 egregius
246 2624 439 2669 Lentulus,
470 2636 543 2661 non
574 2620 797 2673 impediente

54 2685 224 2735 collega.-
251 2680 328 2733 sic,
378 2682 547 2732 inquam,
586 2676 723 2724 honus,
752 2687 797 2714 vt

55 2741 250 2783 meliorem
270 2751 343 2777 non
369 2734 541 2778 viderim.
589 2734 671 2775 dies
688 2733 798 2774 comi-

847 1489 1010 1528 Latinae
1031 1489 1321 1540 instaurantur.-
1367 1503 1434 1529 nec
1453 1498 1585 1528 tamen

845 1543 1008 1585 deerant
1022 1545 1331 1598 fiipplicationes.
1346 1546 1413 1600 fic
1440 1545 1585 1601 legibus·

842 1601 1159 1655 perniciostffi'mis
1188 1600 1392 1654 obststitur,
1417 1603 1585 1642 maxime

845 1660 1012 1698 Catonis.
1067 1659 1165 1698 Dies
1186 1656 1326 1713 agendi
1335 1672 1422 1699 cunt
1434 1659 1584 1711 populo,

843 1716 885 1754 in
908 1715 1039 1755 eadem
1069 1712 1225 1769 epistola
1255 1713 1354 1754 infra
1384 1725 1496 1754 vocat
1523 1716 1584 1754 Ci-

845 1786 945 1811 cero.

902 1841 1109 1898 Negabat]
1145 1845 1195 1884 Vt
1226 1855 1297 1896 par
1312 1843 1394 1896 pari
1413 1841 1585 1883 referret.

846 1898 1015 1938 consules
1033 1898 1079 1938 de
1096 1897 1200 1939 caelo
1218 1899 1431 1945 seruabant,
1453 1913 1500 1938 ne
1512 1901 1586 1939 Cu-
1626 1947 1628 1950 Ι

845 1958 905 1995 rio
927 1953 1046 2009 posset
1067 1968 1177 2004 agere
1205 1969 1292 1996 cum
1317 1954 1483 2009 populo:
1513 1957 1587 1994 Cu·

844 2014 905 2051 rio
929 2012 1198 2059 intercedebat,
1223 2027 1271 2051 ne
1287 2011 1585 2052 decernerentur

844 2068 1149 2123 supplicationes·

905 2139 1056 2192 Paulli]
1140 2138 1331 2188 Consum,
1357 2138 1530 2181 nondum
1563 2153 1585 2179 a

849 2194 1006 2236 Caesare
1030 2198 1213 2249 corrupti.

904 2279 1081 2334 Adeptus
1097 2278 1176 2336 fft
1194 2281 1298 2331 boni]
1327 2277 1481 2319 Paullus
1497 2293 1585 2319 con-

849 2335 917 2383 sul,
936 2351 983 2375 ne
1003 2335 1097 2388 quid
1116 2338 1236 2376 (Lurio
1265 2350 1376 2387 agere
1405 2350 1489 2375 cum
1521 2350 1587 2389 po-

848 2392 940 2449 pulo
978 2392 1110 2447 poss‘et,
1149 2393 1195 2432 de
1247 2392 1350 2434 caelo
1396 2391 1588 2432 seruabat:

849 2464 963 2503 quem
991 2451 1111 2488 Curio
1146 2449 1316 2490 furorem
1353 2448 1587 2502 appellabat:

850 2518 886 2546 et
907 2520 952 2545 ex
971 2519 1013 2545 ea
1034 2504 1212 2546 fibiillata
1230 2506 1450 2545 iniuriahoc
1468 2505 1503 2543 se
1523 2507 1593 2545 bo·

851 2576 942 2602 num
964 2562 1146 2616 adeptum*
1161 2563 1320 2610 dicebat,
1335 2562 1439 2616 quod
1458 2564 1591 2602 iustam

851 2621 1008 2659 haberet
1057 2619 1216 2659 caussam
1260 2618 1514 2673 impediendi,
1543 2633 1592 2658 ne

854 2675 945 2728 quid
962 2676 1163 2716 decernere
1183 2674 1327 2715 senatus
1345 2674 1474 2728 posset.
1489 2674 1594 2727 quod

854 2734 881 2774 fi
902 2731 1049 2771 senatus
1069 2731 1278 2774 consultum
1299 2731 1344 2772 de
1355 2730 1595 2786 supplicatio-

913 2792 983 2829 Oo
1015 2800 1037 2840 3
1482 2788 1601 2828 nibus
