1863 3172
192 123 248 167 28

199 241 275 281 que
296 225 450 268 dmum.
486 229 528 267 in
560 241 639 282 quo
675 226 891 268 dubitatum
917 241 940 267 a

200 283 395 324 nonnullis
418 286 565 329 miror;
607 284 723 337 quali,
742 287 941 333 commodo,

197 340 425 380 aduerbium
454 341 526 380 esse
558 356 638 380 non
668 340 788 395 possit.
833 341 941 395 quod

200 398 268 437 nisi
289 396 448 447 diligens
466 400 704 451 antiquitatis
716 397 942 440 obseruator

198 455 361 494 Carifius
394 454 659 503 admonuifl‘et‚
686 454 855 495 Caesaris
887 466 943 495 ta-

200 526 287 551 men
303 511 350 550 ad
373 513 597 551 Ciceronem
631 511 787 565 epistola
815 511 881 552 lib.
902 525 940 566 9.

199 567 248 606 ad
275 570 385 608 Attic.
409 570 516 623 epist.
530 572 568 612 6.
598 568 761 608 doceret.
849 570 942 609 Cum

200 625 402 674 Furnium,
422 626 564 678 inquit,
594 625 760 680 nostrum
790 636 943 665 tantum

198 679 383 737 vi‘lf‘ffi‘ms
398 697 514 738 neque
534 684 649 737 loqui,
671 696 789 738 neque
807 683 945 722 audire

200 752 261 777 me
283 739 472 780 commodo
488 736 692 793 potuissem.
763 739 862 777 Mihi
889 748 945 777 ta·

203 808 294 834 men
333 793 427 834 olim
471 793 625 850 placuit,
661 809 785 847 neque
830 809 945 842 nunc,

201 864 434 904 quamquam
459 853 758 906 repugnantibus
777 854 945 905 antiquis

136 928 139 930 —
200 906 324 956 libris,
352 908 549 963 displicere
577 911 711 964 potest,
739 923 824 963 pro,
850 923 946 957 rem,

199 962 298 1014 legi,
336 965 578 1018 reipublicae.
617 977 732 1019 atque
777 967 873 1005 hanc
899 980 945 1006 ex

198 1024 355 1074 antiqua
387 1025 511 1062 Latini
537 1023 721 1063 sermonis
745 1022 943 1063 consuetu·

199 1078 290 1118 dine
310 1081 565 1119 coniceturam
589 1079 692 1119 duxi.
710 1093 788 1133 quo
812 1081 853 1120 in
874 1081 945 1118 stu·

201 1135 256 1175 dii
289 1147 449 1184 genere,
479 1152 547 1176 nec
581 1138 742 1184 infitior,
771 1151 791 1176 a
819 1138 944 1191 prima

197 1191 450 1232 adolescentia
472 1193 558 1234 satis
579 1205 751 1233 accurate
785 1208 846 1232 me
869 1191 944 1233 effe

199 1248 404 1297 versatum,
447 1265 515 1290 nec
560 1252 721 1290 omnino
755 1251 941 1305 poenitet.

199 1310 288 1348 Erat
318 1317 443 1346 autem
473 1309 513 1347 in
541 1306 754 1348 mandanda
791 1306 942 1362 publica

199 1378 243 1404 re
262 1365 432 1417 exceptio
453 1364 654 1418 quaedam,
676 1374 717 1404 vt
744 1364 807 1412 id,
834 1364 941 1417 quod

199 1421 455 1467 mandaretur,
479 1424 530 1461 ita
551 1423 673 1469 fieret,
690 1423 714 1461 fi
736 1420 942 1461 commodo

199 1476 433 1531 reipublicae
454 1480 536 1519 fieri
554 1478 686 1533 posset.
714 1493 793 1531 quo
810 1480 944 1528 fignifi-

201 1536 370 1581 abatur,
384 1548 466 1575 eam
483 1551 563 1576 rem
579 1551 658 1576 non
677 1537 854 1591 potestati
867 1550 942 1575 tna-

199 1595 270 1642 gis,
301 1605 414 1645 quam
460 1592 707 1647 prudentiae,
743 1594 943 1633 committi.

198 1650 382 1692 Recitabo
403 1661 575 1689 veterum
593 1648 784 1703 exempla:
803 1650 942 1704 quibus

201 1716 240 1745 et
259 1706 388 1745 eadem
409 1705 605 1755 sententia,
617 1718 654 1746 et
671 1707 807 1747 iisdem
827 1721 943 1746 enun-

202 1764 300 1802 ciata
334 1764 476 1810 verbis,
514 1763 748 1814 agnoscetur.
787 1778 829 1803 ac
859 1774 940 1804 tum

199 1820 379 1873 denique,
411 1831 538 1860 Vtrum
566 1820 710 1875 scriptis
740 1819 873 1870 libris,
901 1819 941 1861 id

201 1879 276 1925 cst,
301 1877 440 1917 dubiae
470 1876 717 1917 librariorum
753 1878 863 1925 fidei,
892 1891 941 1917 an

201 1935 408 1974 certissimis
430 1937 676 1988 antiquorum
703 1936 940 1981 testimoniis,

201 1990 304 2032 credi
325 2002 514 2044 oporteat,
534 2006 617 2031 cum
637 1991 856 2046 praesertim
873 2006 942 2031 nec

200 2062 224 2087 a
251 2047 394 2102 scriptis
420 2047 528 2088 libris
547 2048 753 2089 admodum
777 2048 940 2089 discedat

201 2106 337 2158 opinio
360 2107 497 2153 nostra,
528 2106 731 2146 doeiorum
763 2107 939 2146 virorum

199 2163 362 2202 arbitrio
388 2164 616 2215 permittam.
656 2163 792 2203 Caesar
810 2162 876 2203 lib.
902 2175 937 2204 1.

202 2219 249 2257 de
268 2217 356 2258 bell.
380 2218 477 2258 Gall.
500 2234 518 2258 c
546 2233 610 2274 35.
699 2222 853 2260 uoniam
878 2221 938 2263 M.

201 2273 385 2329 Mffaela,
422 2277 484 2316 M.
509 2278 644 2329 Pssone
667 2275 750 2330 csgffi
774 2277 939 2327 senatus

202 2328 405 2384 censugffit,
435 2334 506 2378 vti,
527 2334 751 2390 quicumque
761 2334 937 2373 Galliam

195 2389 438 2442 prouinciam
467 2388 676 2437 obtineret,
709 2388 812 2443 quod
842 2403 937 2430 com-

202 2442 310 2497 modo
354 2445 586 2496 reipublicae
624 2446 763 2499 facere
801 2443 938 2500 pqffi’t,

205 2499 359 2540 Aeduos
396 2512 605 2557 ceterosque
643 2505 780 2543 amicos
809 2503 939 2555 populi

203 2556 367 2595 Romani
384 2557 700 2610 defemz'cret‚fi·st
721 2559 939 2611 Aeduorum

201 2614 370 2652 iniurias
385 2627 458 2652 non
475 2615 745 2670 negleflurum.
831 2614 936 2656 Idem

199 2666 267 2708 lib.
293 2679 327 2719 5.
358 2683 388 2706 c.
407 2672 471 2722 46.
509 2671 651 2710 Scribit
687 2671 871 2719 Labieno,
901 2670 941 2723 st

201 2725 434 2777 reipublicae
453 2730 636 2766 commodo
652 2728 785 2779 faeere
811 2726 936 2782 pqffet‚

201 2795 288 2823 cum
313 2782 456 2835 legione
495 2782 551 2823 ad
563 2783 664 2836 fines
698 2785 937 2826 Neruiorum

415 115 644 158 rAvLm
680 113 974 157 MANV-rix
1009 88 1525 159 COMMENTARivs

995 232 1142 287 veniat.
1163 232 1248 271 Lib.
1260 234 1300 276 6.
1337 245 1367 270 c.
1389 242 1455 286 33.
1521 229 1748 281 Labienum,

1000 286 1300 344 Treboniumque
1334 288 1528 337 hortatur,
1546 288 1601 342 st
1622 291 1750 342 reipu-

995 343 1119 386 blicae
1144 342 1331 384 commodo
1357 345 1494 397 facere
1518 345 1664 401 pqffint,
1695 340 1757 386 ad

997 414 1082 440 eam
1101 399 1202 441 diem
1222 411 1488 442 reuertuntur.
1527 405 1665 443 Cicero
1699 400 1749 440 ad

998 460 1220 497 M.Brutum
1240 459 1343 511 epist.
1359 468 1396 508 ς.
1408 458 1579 500 Decreui
1594 459 1659 500 hoc
1668 472 1748 499 am·

992 515 1111 568 plius,
1122 525 1164 554 vt
1175 527 1231 560 tu,
1233 513 1275 567 fi
1281 511 1525 555 arbitrarere
1536 517 1646 563 vtile,
1657 529 1750 569 eque

999 570 1195 624 republica
1230 568 1315 626 ff,
1341 571 1629 626 persequerere!
1651 570 1749 612 bello

998 627 1268 668 Dolabellam.-
1301 626 1354 680 fi
1383 629 1511 668 minus
1556 626 1603 668 id
1651 641 1750 669 com·

1000 683 1110 724 modo
1127 683 1360 737 reipublicae
1378 684 1514 737 facere
1531 681 1656 740 pffs,
1666 684 1749 734 siue

1001 755 1076 782 non
1096 741 1332 793 existimares
1354 756 1375 781 e
1397 739 1591 794 republica
1610 738 1689 796 effi»,
1702 751 1748 782 vt

1002 800 1044 839 in
1067 796 1202 838 iisdem
1226 799 1318 838 locis
1342 800 1554 838 exercitum
1579 799 1746 838 contine·

1001 869 1075 894 res.
1134 855 1283 894 Omitto
1301 852 1366 893 illa
1383 853 1529 902 fimilia,
1559 868 1657 908 quae
1682 855 1747 895 Ci-

1002 925 1181 950 ceronem
1238 909 1450 961 legentibus
1517 921 1746 951 occurrunt:

1001 969 1103 1024 quod
1115 979 1182 1008 tuo
1196 967 1384 1008 commodo
1389 968 1487 1021 fieri
1505 968 1611 1022 poffi‘t
1621 986 1636 1007 .-
1647 965 1750 1025 quod

987 1024 1082 1078 stne
1117 1023 1285 1078 molestia
1321 1035 1394 1064 tua
1431 1025 1568 1077 facere
1601 1024 1746 1078 parfia·

1001 1079 1106 1138 quod
1118 1092 1185 1121 tuo
1203 1079 1392 1123 commodo
1405 1082 1510 1135 fiat:
1539 1080 1642 1136 quod
1651 1081 1747 1135 stne

995 1148 1151 1192 peccato
1182 1151 1261 1177 meo
1274 1137 1367 1191 fiat.
1426 1140 1500 1177 Hic
1531 1141 1747 1192 opponitur

999 1208 1021 1233 a
1040 1193 1289 1247 quibusdam:
1319 1193 1393 1232 hoc
1417 1193 1602 1249 loquendi
1624 1209 1745 1246 genus

999 1251 1088 1290 huic
1123 1253 1322 1291 Ciceronis
1360 1249 1445 1293 loco
1477 1251 1586 1292 nullo
1624 1252 1744 1293 modo

999 1310 1229 1348 conuenire:
1272 1317 1408 1362 putant
1440 1311 1565 1357 enim,
1595 1308 1746 1349 senatus

997 1367 1088 1406 haec
1109 1366 1226 1404 verba
1248 1364 1370 1413 fuiffe,
1389 1380 1473 1405 cum
1490 1365 1636 1406 senatus
1657 1380 1747 1406 con·

999 1421 1140 1461 fultum
1157 1421 1312 1469 faceret,
1327 1431 1393 1461 aut
1414 1437 1560 1470 eorum,
1577 1425 1644 1476 qui
1655 1437 1746 1477 pro·

998 1480 1137 1523 vinciis
1181 1493 1266 1518 cum
1305 1480 1470 1532 imperio
1510 1480 1745 1534 praeessent,

1000 1550 1086 1576 cum
1131 1535 1278 1590 aliquid
1314 1534 1444 1585 legatis
1496 1536 1740 1577 mandarent:

1000 1607 1080 1633 non
1101 1594 1220 1642 igitur
1241 1607 1284 1633 ea
1302 1592 1435 1633 cadere
1454 1595 1496 1633 in
1516 1592 1743 1635 sententiam

999 1652 1210 1698 Ciceronis,
1247 1652 1464 1698 Hortensii,
1506 1661 1544 1692 et
1576 1649 1747 1701 Luculli,

999 1709 1067 1761 qui
1088 1708 1230 1761 priuati
1245 1705 1435 1746 senatores
1459 1718 1578 1748 erant.
1633 1711 1741 1749 Haec

999 1765 1098 1804 ratio
1124 1763 1216 1817 quid
1245 1766 1432 1803 momenti
1467 1765 1617 1811 habeat,
1657 1778 1742 1805 exn·

998 1820 1181 1862 minando
1205 1820 1484 1872 cognoscemus.
1568 1822 1741 1863 PrImum

998 1892 1165 1932 quaero:
1204 1879 1230 1918 fi
1261 1877 1422 1926 senatus,
1454 1893 1538 1917 cum
1557 1877 1741 1928 decernit,

998 1937 1119 1976 vtitur
1140 1935 1197 1974 his
1218 1935 1363 1982 verbis,
1382 1945 1426 1974 vt
1443 1934 1672 1989 reipublicae
1682 1950 1741 1976 ca·

998 2003 1098 2041 veat‚
1118 2006 1185 2031 cur
1207 2006 1285 2031 non
1304 1991 1439 2032 iisdem
1469 1991 1641 2042 senator,
1669 1994 1739 2047 qui

996 2048 1131 2102 etipse
1160 2048 1224 2088 sua
1254 2048 1436 2089 sententia
1461 2049 1652 2097 deceruit,
1679 2051 1738 2090 vti

994 2107 1128 2160 postit?
1155 2104 1261 2146 decet
1283 2108 1399 2153 enim,
1432 2116 1474 2146 vt
1497 2105 1668 2148 senatum
1693 2108 1738 2147 in

993 2162 1149 2217 publico
1171 2162 1337 2210 decreto,
1371 2165 1424 2204 ita
1451 2161 1640 2205 senatores
1668 2164 1737 2205 fin·

992 2215 1103 2269 gulos
1130 2222 1172 2259 in
1207 2219 1364 2258 dicenda
1395 2218 1579 2259 sententia
1609 2222 1737 2274 reipu-

991 2276 1112 2318 blicae
1141 2275 1347 2316 consulere.
1402 2275 1497 2329 quid
1530 2279 1580 2316 est
1608 2287 1736 2318 autem

994 2333 1142 2374 senatus
1170 2331 1398 2382 consultum,
1420 2334 1488 2372 nifi
1517 2331 1732 2374 multorum

993 2389 1210 2430 senatorum
1236 2389 1339 2428 idem
1365 2390 1609 2443 probantium
1646 2404 1735 2430 con-

992 2446 1142 2488 sensus?
1172 2445 1276 2500 quod
1297 2447 1335 2492 fi,
1355 2445 1503 2488 senatus
1521 2445 1734 2487 consultum

993 2505 1034 2542 in
1087 2502 1246 2543 alicuius
1293 2501 1515 2543 sententiam
1549 2503 1732 2543 senatoris

995 2558 1067 2598 esse
1099 2559 1261 2607 factum,
1298 2558 1406 2614 saepe
1449 2559 1628 2610 legimus:
1675 2558 1732 2599 nil

993 2614 1097 2656 aliud
1124 2618 1334 2655 existimare
1365 2615 1472 2664 licet,
1503 2629 1618 2669 quam
1649 2629 1733 2666 gra-
1762 2654 1765 2655 γ

993 2674 1122 2715 viores
1144 2675 1225 2713 eius
1245 2672 1450 2713 sententiae
1470 2682 1594 2726 partes
1611 2674 1652 2714 in
1677 2671 1730 2713 se-

993 2740 1102 2770 natus
1138 2728 1349 2769 consultum
1398 2728 1469 2769 effe
1512 2727 1728 2769 translatas:

991 2787 1144 2837 grauius
1165 2796 1293 2826 autem
1321 2784 1438 2833 nihil,
1472 2799 1583 2840 quam
1613 2796 1654 2825 vt
1675 2785 1730 2834 id,

1622 2842 1729 2896 quod
