1863 3172
263 110 356 162 ‘tu
384 121 1389 166 CIC.EPIST.FAM.LIB.1.EPIST.1X.
1540 128 1592 171 sq

53 238 176 278 tiones
209 233 427 288 quindecim
465 234 614 274 dierum
628 264 641 283 ,
683 233 788 288 quod

52 305 139 334 ante
188 295 396 340 contigerat
444 294 610 336 neinini;
655 293 787 345 stipen-

53 351 171 397 dium,
196 359 232 387 et
246 347 372 387 decem
389 347 550 399 legatos:
582 359 788 402 praeterea,

51 422 134 448 cum
153 405 199 444 de
228 404 449 445 successionc
481 404 687 445 Galliarum
709 419 791 454 age-

49 472 170 509 retur,
191 461 419 502 luculentam
438 463 620 503 habuerat
639 462 684 500 de
704 475 791 500 con-

52 519 234 562 seruanda
282 519 432 559 Caesari
470 531 629 572 vtraque
668 517 790 557 Gallia

53 580 293 624 orationem,
323 591 419 630 quae
450 590 549 616 nune
579 577 704 621 exstat,
734 577 790 614 in·

51 635 200 688 scripta,
212 633 472 688 tle-prouinciis
491 631 762 684 confichibus.

113 694 232 748 Teque
252 693 297 731 id
314 705 388 730 man
405 687 699 742 reprehendere]
726 687 791 728 Of·

51 747 176 789 sensus
188 747 383 788 'Lentulus
409 746 555 793 iisdem,
579 746 717 799 quibus
733 748 793 785 Ci-

54 821 156 854 cero,
186 807 286 845 vitiis
299 806 540 857 optimatum,
564 804 707 842 inuidia
729 801 792 841 sci-

53 862 152 910 licet,
182 870 295 914 atque
322 862 616 907 obtrectatione,
650 874 791 900 nouam

52 921 248 960 Ciceronis
268 933 351 958 cum
372 920 535 957 inimicis
556 919 792 958 coniunffio·

53 991 154 1024 nem,
175 977 412 1029 maximeque
434 990 520 1015 cum
542 975 792 1029 Caesarc,po-

53 1033 136 1089 puli
157 1035 275 1082 gratia
311 1034 594 1080 florentissimo,
625 1047 703 1072 non
724 1034 791 1070 im·

53 1091 250 1146 probabat.
308 1089 507 1144 Scripserat
527 1092 627 1129 enim
645 1089 691 1129 ad
705 1103 793 1129 eum

52 1151 189 1189 Cicero
210 1162 293 1186 cum
313 1146 385 1186 alia
405 1147 451 1186 dc
475 1149 686 1186 amicorum
709 1160 793 1200 per-

51 1206 154 1252 fidia,
173 1217 255 1244 tum
274 1204 368 1244 illud
389 1207 491 1258 epist.
505 1217 544 1257 7.
604 1205 651 1244 In
672 1216 720 1249 te,
735 1203 794 1242 ho-

52 1265 153 1302 mine
193 1264 359 1301 omnium
387 1260 628 1311 nobileffimo,
645 1260 795 1313 similia

53 1320 270 1359 inuiderunt
289 1320 389 1358 vitia
405 1319 592 1370 perspexi.

112 1376 335 1426 Vatinium]
364 1378 488 1422 Quem
517 1375 678 1412 maxime
709 1372 796 1412 ode-

29 1442 125 1485 rat,
151 1443 187 1471 et
216 1430 450 1486 reipublicae
485 1431 616 1478 caussa,
647 1441 682 1469 et
712 1430 795 1468 sua:

55 1488 160 1543 quod
185 1491 352 1541 primum
373 1490 550 1527 tribunus
575 1486 696 1541 plebis
709 1501 796 1526 con-

55 1559 113 1588 tra
133 1545 280 1585 senatus
302 1544 538 1585 voluntatem
558 1543 676 1584 multa
697 1558 796 1582 com—

56 1602 228 1647 miserat;
254 1602 391 1641 deinde
412 1603 665 1641 testimonium
696 1601 797 1639 dixe-

56 1672 114 1701 rat
135 1662 174 1699 in
201 1662 237 1700 P.
260 1661 440 1706 Sextium,
463 1661 568 1697 cuius
601 1660 641 1696 in
664 1659 796 1711 primis

57 1731 174 1772 opera
194 1719 330 1757 Cicero
364 1718 405 1754 in
431 1717 593 1770 patriam
620 1715 796 1755 redierat.

56 1776 182 1816 Exstat
204 1776 243 1812 in
262 1775 457 1813 Vatinium
480 1773 618 1811 oratio.

114 1828 398 1882 Defenderim]
444 1828 623 1870 Defendit
663 1837 799 1877 rogatu

18 1922 21 1924 .
57 1887 248 1929 Caesaris:
278 1887 441 1928 vtinfra.
470 1886 547 1942 ipse
565 1888 677 1926 etiam
698 1886 800 1924 Vati-

59 1948 144 1986 nius
164 1943 229 1985 lib.
247 1957 282 1997 ς.
297 1946 398 1997 epist.
426 1954 464 1996 t).
508 1942 701 1983 defensum
719 1941 754 1980 se
778 1955 799 1980 a

60 2005 259 2048 Cicerone,
282 2003 438 2054 eiusque
466 2002 680 2055 patrocinio
702 2001 801 2052 peri-

60 2059 186 2099 culum
215 2057 362 2098 euasiffe
383 2060 570 2107 significat.
625 2055 799 2096 Valerius

59 2115 228 2159 Max.lib.
240 2131 278 2170 4.
292 2129 362 2157 c.2.
395 2118 522 2155 Cicero
534 2116 576 2155 P.
584 2114 798 2159 Vatinium,

59 2176 243 2231 dignitati
272 2173 372 2224 fime
409 2172 560 2225 fimper
608 2170 800 2223 infestum,

59 2230 203 2272 duobus
217 2232 379 2282 publicis
396 2229 549 2269 iudiciis
568 2238 717 2268 tutatus
735 2225 798 2280 est.

116 2284 356 2338 Laudarim]
400 2285 666 2325 Defendebant
712 2298 799 2323 reos

60 2345 226 2399 patroni,
246 2341 449 2382 laudabant
470 2345 544 2383 viri
565 2340 726 2388 nobiles,
760 2352 802 2379 vt

61 2415 197 2440 eorum
228 2401 431 2439 auctoritas
462 2414 503 2440 ac
544 2399 801 2438 testimonium

0 2491 1 2496 ,
62 2457 164 2511 quali
192 2456 470 2496 commendaret
500 2471 564 2496 eos
600 2455 801 2494 iudicibus.

61 2513 192 2570 paullo
213 2515 315 2567 post:
347 2514 504 2554 Sedente
530 2515 594 2554 Cn.
616 2513 801 2563 Pompeia,

60 2586 146 2612 cum
172 2581 214 2609 vt
242 2568 424 2609 laudaret
457 2571 500 2610 P.
530 2570 725 2615 Sextium,
745 2571 802 2608 in·

61 2625 205 2681 troiffet
223 2629 264 2666 in
281 2624 424 2666 vrbem.
479 2628 522 2665 Et
542 2627 596 2664 M.
609 2628 802 2673 Scaurum,

63 2686 324 2737 quemxicero
350 2681 540 2729 defendit,
560 2681 754 2721 laudatum
781 2695 803 2720 a

62 2754 208 2781 nouem
227 2737 500 2791 consularibus,
518 2740 560 2783 in
580 2738 743 2780 Asconio
754 2736 804 2779 le-

61 2810 197 2850 gamus.

1573 152 1592 174 2

901 236 982 291 Ego
1002 236 1085 290 me]
1114 238 1217 276 Haec
1241 244 1321 276 tota
1349 237 1520 276 narratio
1539 236 1588 278 ad

846 293 1060 333 euitandam
1094 290 1285 341 leuitatis,
1319 304 1355 334 et
1381 296 1590 337 inconstan-

848 354 922 392 tiae
934 350 1080 402 culpam
1107 354 1282 403 pertinet.
1312 352 1473 391 ostendit
1487 355 1589 393 cuim

848 409 1005 451 Cicero,
1037 407 1073 446 se
1100 410 1137 445 in
1169 410 1330 460 patriam
1362 408 1511 450 rediiss'e
1536 413 1589 450 ita

847 467 1068 511 animatum,
1099 473 1139 502 vt
1171 475 1207 503 ct
1233 478 1316 502 cum
1354 466 1507 518 quibus,
1553 479 1591 508 et

848 519 978 562 contra
1001 535 1098 573 quos
1126 532 1249 567 antea,
1275 535 1357 560 cum
1378 522 1522 571 iisdem,
1553 535 1590 565 et

847 588 978 618 contra
999 577 1150 618 eosdem
1178 580 1218 616 in
1236 578 1452 631 capess'enda
1480 594 1592 634 tepu-

848 635 947 676 biica
983 635 1155 674 sentiret:
1195 633 1257 674 sed
1290 649 1377 674 etun
1416 638 1483 676 fibi
1511 639 1590 679 ani-

849 708 974 737 mum,
995 706 1154 745 eamque
1183 691 1405 732 sententiam
1431 695 1592 743 inuidia,

849 761 887 790 et
935 751 1214 790 uhtrediatione
1240 750 1483 802 quorundam
1525 753 1593 792 fibi

849 806 922 847 effe
937 819 1117 861 ereptam.
1145 807 1285 860 probat
1305 807 1376 846 hoc
1399 808 1594 862 exemplis,

849 864 955 918 quod
974 867 1015 903 in
1035 865 1150 904 Sextii
1173 863 1328 911 iudicio,
1352 864 1502 905 sedente
1523 869 1594 906 Cn.

849 924 1055 975 Pompeio,
1085 935 1163 960 non
1193 931 1372 974 reputans
1402 923 1494 976 quid
1514 922 1594 971 ille,

848 989 915 1019 aut
961 979 1055 1031 quid
1104 977 1241 1019 Caesar
1287 976 1426 1026 vellet,
1463 991 1596 1021 contra

850 1049 1056 1088 vtrumque
1086 1033 1187 1074 suam
1220 1036 1413 1089 pristinam
1445 1036 1597 1078 dicendi

849 1093 1063 1133 libertatem
1084 1094 1299 1139 retinuerit,
1316 1096 1477 1133 maxime
1487 1108 1596 1143 vero,

850 1150 955 1203 quod
974 1150 1020 1188 de
1039 1163 1130 1199 agro
1159 1152 1355 1203 Campano
1386 1150 1597 1191 diuidendo

852 1208 1076 1247 sententiam
1099 1206 1236 1246 dixerit
1263 1221 1358 1255 eam,
1378 1221 1475 1260 quae
1503 1211 1600 1249 Cae<

853 1264 984 1309 sarem,
1007 1275 1044 1303 et
1056 1266 1291 1316 Pompeium,
1309 1266 1388 1304 eius
1401 1279 1598 1315 generum,

852 1324 999 1375 optime
1022 1320 1068 1360 de
1089 1320 1126 1359 se
1154 1322 1313 1360 meritos
1344 1320 1518 1362 offendit.

916 1379 1034 1417 Initio
1081 1391 1234 1432 rerum,
1270 1389 1381 1431 atque
1407 1379 1600 1419 aHionum

854 1432 1037 1485 tuarum]
1066 1435 1160 1473 Non
1190 1447 1269 1486 quo
1302 1437 1470 1487 primum
1507 1446 1600 1475 tem·

854 1506 950 1546 pore
980 1489 1166 1530 Lentulus
1201 1490 1248 1529 de
1281 1504 1329 1529 eo
1364 1492 1599 1532 restituendo

855 1549 980 1601 coepit
1001 1561 1125 1596 agere,
1153 1545 1323 1586 sed-cum
1351 1550 1518 1601 primum
1542 1563 1601 1589 re-

855 1608 1002 1646 stitutus
1034 1605 1104 1648 τῆς
1141 1614 1183 1643 vt
1211 1618 1232 1643 e
1264 1603 1506 1657 sequentibus
1538 1620 1603 1660 ap·

854 1672 973 1717 paret.
1003 1660 1093 1700 dicit
1124 1662 1249 1708 enim,
1277 1662 1390 1700 initio
1408 1662 1603 1704 aflionum

856 1732 1036 1764 tuarum,
1065 1731 1137 1771 pro
1153 1747 1164 1763 ,
1186 1718 1302 1757 initio
1331 1718 1475 1759 reditus
1500 1722 1602 1769 mei;

857 1777 925 1830 qui
945 1776 1045 1814 aetio
1068 1785 1132 1813 tua
1160 1771 1245 1814 fuit.

914 1831 1182 1884 Reipublicae]
1232 1829 1352 1870 Vt'ssin
1381 1842 1424 1868 ea
1459 1828 1602 1869 tuenda

857 1890 1052 1943 pristinam
1064 1885 1376 1927 consuetudinem
1397 1884 1601 1926 seruarem.

913 1944 1147 1999 Qzendam]
1195 1946 1281 1983 Hoc
1309 1943 1430 1983 verbo
1457 1945 1602 1982 amoris

857 2000 1080 2051 magnitudo
1111 2010 1214 2040 tanta
1236 1999 1461 2046 declaratur,
1483 2013 1604 2052 quan-

857 2071 935 2098 tam
954 2060 1082 2097 verbis
1105 2060 1317 2110 exprimere
1337 2070 1416 2096 non
1436 2054 1534 2095 licet.
1555 2058 1604 2095 fic

857 2119 960 2155 enim
976 2114 1185 2167 ioquimur,
1214 2115 1280 2153 vbi
1291 2122 1510 2166 conceptam
1522 2115 1604 2152 ani-

856 2188 922 2211 mo
968 2171 1191 2211 sententiam
1226 2172 1451 2218 enunciare,
1486 2180 1604 2223 atque

858 2229 1054 2269 ostendere
1077 2242 1149 2282 pro
1170 2226 1367 2267 voluntate
1384 2240 1463 2265 non
1477 2226 1603 2280 poffu-

858 2301 954 2326 mus.
985 2285 1049 2326 lib.
1074 2298 1113 2328 2·
1135 2285 1239 2337 epist.
1260 2297 1299 2336 4.
1359 2281 1605 2324 Incredibilis

861 2341 1047 2397 quaedam
1063 2339 1302 2393 exffiebi‘atio.
1331 2341 1372 2378 in
1394 2339 1475 2386 hac,
1488 2339 1602 2379 infra:

861 2399 1193 2440 emunctam-anda
1223 2394 1410 2453 quaedam
1421 2426 1430 2443 ,
1446 2405 1486 2436 et
1502 2395 1604 2436 diui-

859 2472 910 2497 na
946 2456 1118 2505 Caesaris
1149 2456 1190 2493 in
1236 2465 1315 2500 me,
1354 2452 1606 2509 fratremque

859 2527 982 2554 mcum
1015 2511 1242 2552 liberalitas.

913 2570 1003 2607 Inte
1020 2565 1169 2622 ipsum]
1200 2567 1294 2607 Non
1313 2562 1438 2604 solum
1455 2565 1603 2606 inrem-

859 2622 1064 2679 publicam.

917 2682 1070 2721 Summa
1102 2695 1150 2721 ae
1171 2671 1419 2731 singularia]
1449 2675 1605 2716 Possunt

861 2740 962 2779 enim
988 2737 1060 2778 effe
1091 2736 1258 2782 summa,
1285 2747 1354 2772 nec
1382 2743 1510 2772 tamen
1535 2733 1606 2773 fin-

860 2793 1017 2848 gularia.
1076 2795 1170 2836 Sunt
1195 2789 1503 2849 enimbfimmm
1521 2791 1605 2842 qui-

915 2853 945 2895 F
972 2863 1002 2896 2
1530 2847 1604 2889 bus
