1863 3172
176 86 234 127 26

105 249 109 251 Α
175 212 265 238 nem
283 197 467 238 Pedianus
487 200 530 237 in
556 198 832 237 commentario
852 198 917 237 Di-

175 256 399 303 vinationis,
427 269 512 294 cum
532 256 604 293 ait:
639 253 851 300 Marcelli,
877 264 915 294 et

175 311 409 353 Marcellini
426 314 529 351 inter
543 310 587 361 st
606 311 774 366 gentiles
784 308 913 363 fuere.

135 401 143 409 s
173 370 269 409 Non
293 367 398 420 quod
417 366 631 407 Marcellini
660 366 775 407 essent
803 365 914 406 Clau-

175 424 242 472 dii,
254 423 314 464 sed
334 423 438 478 quod
458 439 504 464 ex
518 423 683 478 ‚Claudia
701 435 812 475 gente
823 425 914 472 orti,

172 481 340 534 indeque
387 483 427 521 in
471 475 690 522 Corneliam
728 480 913 521 translati.

170 537 315 579 Eodem
337 541 564 588 cognomine
582 538 691 578 'filius
718 539 798 577 eius
825 537 912 577 vsus

174 597 239 642 est,
259 597 327 649 qui
346 594 453 635 bello
472 594 576 635 ciuili
605 606 738 635 contra
756 598 912 648 Pompe-

171 653 253 692 ium
272 653 448 705 quaestor
465 666 535 707 pro
545 652 703 692 Caesare
713 654 912 705 pugnauit,

172 711 324 762 paterni
342 708 519 760 videlicet
546 710 655 749 heres
674 709 774 748 odii:
823 723 911 748 nam

172 764 303 806 consul
350 767 462 806 huius
520 768 611 806 anni
663 763 909 806 Marcellinus

172 837 289 876 quam
311 822 476 862 infensus
494 825 676 877 Pompeio
695 822 825 870 fuerit,
848 824 910 863 Ci-

171 894 260 920 cero
270 878 334 919 lib.
348 893 386 922 2.
407 879 584 930 adQFr.
606 882 708 933 epist.
722 883 760 923 6.
780 890 816 919 et
828 879 911 919 Plu·

160 937 320 977 tarchus
340 939 380 975 in
400 939 581 992 Pompeio
612 937 853 976 demonstrat.

226 1009 399 1058 Iratum]
457 1011 558 1057 Qua
587 1018 624 1048 te
646 1007 826 1060 cupidum
854 1009 910 1047 vi·

170 1065 258 1104 deat
276 1063 479 1105 reducendi
510 1067 620 1115 regis.
677 1062 908 1104 Consulibus

166 1135 294 1175 neque
314 1124 584 1162 c11mexercit11
609 1136 736 1172 regem
765 1123 910 1161 restitui

168 1177 352 1234 placebat,
371 1193 497 1233 neque
519 1181 567 1219 ab
585 1181 646 1227 iis,
667 1181 733 1232 qui
745 1193 829 1218 cum
839 1181 909 1217 im-

166 1238 279 1289 perio
298 1234 426 1284 essent,
445 1237 484 1276 id
505 1239 568 1283 est,
590 1251 658 1275 nec
687 1250 708 1274 a
727 1234 908 1283 Lentulo,

166 1307 236 1332 nec
256 1307 276 1331 a
298 1295 492 1348 Pompeio.
525 1292 680 1348 epistola
703 1292 887 1345 sequenti.

226 1364 302 1405 Tui
354 1363 615 1420 defenfhrem]
727 1366 818 1405 Tua
826 1377 910 1403 rum

162 1424 340 1463 omnium
360 1420 645 1470 sententiarum,
672 1434 714 1460 ac
732 1419 909 1461 volunta-

164 1490 260 1521 tum.

223 1549 415 1605 Ostendit]
444 1550 591 1589 Verbis.
613 1551 715 1604 epist.
730 1562 767 1603 9.
798 1551 844 1590 In
866 1563 908 1592 eo

156 1600 256 1662 ipso,
274 1608 373 1663 quod
391 1619 428 1646 te
450 1607 609 1661 (fiendis
620 1605 905 1661 effi’fafiurum.

163 1666 249 1706 Lib.
262 1677 300 1718 4.
314 1665 416 1717 epist.
433 1675 468 1704 1.
489 1663 632 1704 Eadem
651 1665 790 1711 omnia,
811 1679 908 1720 quae

164 1735 193 1761 a
215 1732 253 1761 te
269 1719 315 1760 de
329 1733 433 1773 pace,
460 1732 497 1760 et
515 1720 562 1760 de
583 1721 781 1772 Hgsvczniis
799 1720 907 1761 diHa

156 1775 422 1831 fimt,qste11di
438 1791 496 1816 me
514 1775 579 1831 ‘ffe'
595 1776 801 1818 diHurum.
821 1779 905 1818 Lib.

161 1847 206 1888 9.
228 1836 328 1888 epist.
345 1842 379 1883 3.
411 1834 906 1891 Jl1unusflagitare,quam-

161 1893 226 1931 vis
243 1893 327 1947 quis
346 1890 562 1945 qstenderit,
582 1905 628 1930 ne
643 1892 804 1944 populus
824 1893 906 1949 qui·

157 1947 251 1989 ‘dem
259 1949 384 1998 filet,
410 1949 452 1986 ni
470 1964 484 1987 1
508 1949 733 1988 concitatus.

217 2023 337 2081 ,QLIOa'
343 2023 424 2074 dat,
435 2025 657 2077 accipimus]
669 2022 780 2064 Nihil
793 2022 855 2063 dat
866 2023 907 2062 in

160 2085 265 2131 regia
281 2080 413 2129 caussa,
435 2083 476 2120 in
487 2083 620 2128 ceteris
638 2081 751 2120 rebus
764 2082 905 2120 omnia.

112 2188 114 2190 q
160 2143 207 2181 fic
219 2138 427 2192 loquimur,
439 2153 523 2178 cum
537 2153 604 2176 nec
615 2137 653 2176 id
664 2137 788 2190 plane,
799 2137 904 2190 quod

161 2196 355 2242 volumus,
383 2210 450 2234 nec
470 2205 595 2234 tamen
615 2193 711 2233 nihil
726 2196 907 2248 impetra·

162 2267 261 2294 muS.
286 2253 417 2294 Lib.2.
438 2253 478 2291 in
506 2255 596 2292 Ver.
624 2266 652 2290 c.
674 2255 731 2294 61.
816 2253 907 2292 Alio

160 2312 200 2351 lo
213 2324 243 2348 ὀ
253 2307 298 2349 de
316 2320 516 2348 aratorum
535 2310 674 2356 animo,
693 2319 730 2348 et
750 2309 906 2348 iniuriis

161 2365 306 2406 videro.
336 2380 446 2411 nunc,
463 2364 565 2420 quod
580 2364 672 2404 mihi
697 2363 764 2404 ahs
782 2375 821 2404 te
835 2364 902 2404 da-

158 2434 241 2468 tur,
262 2421 305 2461 ia!
325 2423 477 2472 accipio,
498 2436 557 2460 eos
586 2420 661 2460 tibi
679 2419 744 2475 eff}
776 2422 903 2461 inimi-

162 2479 326 2532 ciffimot.
382 2477 526 2516 Ibidem
548 2475 677 2532 paullo
690 2479 771 2530 post
789 2492 818 2516 c.
831 2480 898 2520 62.

165 2537 206 2577 V
205 2547 271 2574 tar
292 2549 344 2582 co,
365 2533 466 2589 quod
481 2532 612 2573 datter.
642 2535 685 2572 Et
706 2532 771 2573 lib.
791 2547 829 2576 2.
851 2533 898 2573 de

164 2594 271 2632 Orat.
294 2606 320 2631 c,
335 2603 402 2644 44.
441 2591 480 2629 Se·
501 2592 547 2639 se
569 2590 765 2641 (iudices)
793 2593 903 2639 dant,

161 2660 216 2695 et,
235 2661 276 2689 rt
305 2660 394 2686 eante
417 2646 517 2692 dixi,
535 2648 609 2698 fita
638 2646 793 2700 sponte,
830 2661 903 2702 quo

161 2705 413 2757 impellimus,
443 2704 653 2750 inclinant,
681 2713 796 2759 atque
814 2712 902 2755 pro·

160 2759 350 2817 pendant:
379 2759 532 2813 accipio,
553 2759 654 2815 quod
677 2760 823 2810 datr-<³3
863 2761 901 2801 εἴ

392 82 619 126 PAVLLI
652 81 947 125 MANVTH
974 49 1495 127 COMMENTARIVS

972 199 1029 238 ad
1045 196 1100 246 id,
1118 190 1218 250 vizde
1237 200 1381 256 aliquis
1397 200 1526 254 flatus
1552 195 1712 254 ‹fiendi-

972 266 1054 302 tur,
1076 256 1162 295 vela
1189 253 1251 295 do.

1029 311 1209 361 Retierre]
1249 311 1423 364 Referre,
1450 313 1498 352 ad
1524 312 1709 360 senatum,

971 368 1017 408 de
1047 382 1126 421 quo
1146 367 1350 408 sententiae
1369 368 1614 415 dicerentur3,
1626 370 1714 423 fer·
1732 380 1739 383 ⁴

969 441 1026 473 re,
1047 424 1093 464 ad
1113 424 1324 479 populum,
1353 425 1413 482 def
1429 440 1508 480 quo
1534 426 1711 477 suffragia

968 482 1162 522 ferrentur
1173 498 1184 527 3
1218 483 1403 522 vfitatum'
1421 485 1616 523 veteribus
1647 486 1710 524 est.

971 538 1112 580 Caesar
1139 550 1265 579 tamen
1297 538 1363 578 lib.
1390 552 1425 581 1.
1458 539 1503 580 de
1523 539 1613 580 bell.
1637 543 1710 580 ciu.

969 600 1040 640 c.6.
1053 596 1146 636 dixit
1159 614 1166 635 :
1180 608 1223 637 vt
1232 595 1279 636 de
1288 610 1419 636 eorum
1429 599 1582 649 imperio
1591 596 1711 650 adpo·

962 655 1099 707 pulum
1118 654 1341 706 referatur:
1367 654 1392 692 fi
1416 653 1534 692 modo
1565 653 1710 704 vulgati

967 710 1058 752 libri
1079 721 1212 750 vacant
1233 709 1386 769 mendo.
1412 725 1513 758 nam,
1533 710 1642 764 ferre
1661 711 1716 753 ad

961 769 1156 821 populum,
1185 769 1351 807 vfitatius
1383 767 1480 814 effe,
1511 776 1625 821 quam
1652 783 1711 810 re-

959 825 1086 878 ferre,
1112 838 1240 872 nemo,
1269 834 1311 863 vt
1333 825 1514 872 arbitror,
1545 826 1710 874 negabit.

1024 883 1089 923 De
1106 882 1309 938 religione]
1341 884 1398 920 De
1420 880 1610 927 Sibyllinis
1626 897 1716 922 ver..

967 940 1079 987 fibus,
1108 937 1237 977 reduci
1264 951 1392 987 regem
1418 952 1503 977 cum
1537 937 1710 980 multitu·

966 995 1056 1036 dine
1087 995 1316 1035 vetantibus.

1025 1051 1082 1092 Ab
1101 1067 1142 1092 eo
1161 1051 1299 1093 deduci
1316 1065 1388 1091 non
1403 1051 1541 1108 potest]
1596 1054 1726 1093 Tue«

965 1111 1079 1150 batur
1106 1111 1297 1149 obstinato
1321 1112 1451 1148 animo
1485 1108 1709 1152 sententiam

966 1167 1084 1214 suam,
1115 1168 1157 1205 in
1179 1180 1307 1219 quam,
1345 1177 1388 1205 vt
1414 1168 1455 1205 in
1484 1179 1710 1216 argumento

964 1227 1041 1263 iam
1069 1222 1246 1270 diximus,
1276 1222 1418 1262 fastum
1450 1234 1531 1264 erat
1561 1223 1710 1264 senatus

965 1280 1192 1328 consultum,
1212 1294 1339 1330 regem
1360 1295 1444 1320 cum
1465 1280 1722 1323 multitudine

966 1338 1110 1385 reduci,
1123 1336 1378 1391 periculosum
1401 1337 1633 1392 reipublicae
1654 1341 1712 1379 vi·

966 1397 1060 1436 deri.
1084 1394 1150 1436 lib.
1162 1409 1200 1437 2.
1222 1394 1269 1434 ad
1290 1398 1344 1444 Q
1361 1396 1419 1434 Fr.
1442 1397 1544 1448 epist.
1557 1409 1596 1437 2.

1020 1451 1172 1503 Idibus]
1232 1455 1324 1500 Qio
1355 1451 1417 1490 die
1445 1451 1594 1493 senatus
1626 1461 1709 1493 erat

962 1509 1225 1550 futurussnec
1247 1509 1397 1555 dubito,
1428 1511 1521 1562 quin
1561 1508 1707 1562 cdie'tus

964 1566 1066 1615 esset,
1088 1581 1173 1605 cum
1194 1566 1437 1617 haec-gicero
1448 1565 1598 1620 scripsit.
1618 1580 1707 1606 nam

963 1636 1001 1664 et
1029 1626 1070 1663 in
1098 1622 1254 1676 epistola
1282 1622 1479 1676 sequenti,
1507 1638 1591 1663 cum
1618 1633 1707 1663 ante

962 1680 1085 1722 lucem
1097 1683 1195 1720 XVI.
1208 1679 1286 1720 Kal.
1300 1681 1408 1720 Febr.
1419 1679 1611 1728 scriberet,
1623 1679 1707 1720 sub-

962 1740 1087 1779 iunxit
1101 1753 1109 1776 :
1121 1751 1162 1776 eo
1177 1735 1241 1777 die
1249 1738 1412 1788 fimatur
1423 1748 1512 1777 erat
1527 1737 1705 1790 futurus.

963 1809 1042 1849 quo
1072 1793 1314 1848 perspicuum
1344 1795 1407 1841 est,
1436 1808 1517 1832 non
1556 1809 1602 1834 eo
1630 1794 1706 1842 die,

963 1867 1042 1906 quo
1073 1852 1290 1898 haberetur,
1319 1849 1382 1890 sed
1409 1849 1618 1904 superiore,
1652 1850 1706 1905 sc-

962 1919 1092 1949 natum
1116 1907 1214 1947 edici
1248 1906 1414 1947 solitum.
1667 1906 1671 1909 ’

1018 1966 1162 2016 Mane]
1216 1966 1338 2004 Prima
1358 1963 1452 2003 luce.
1489 1962 1552 2003 scd
1577 1962 1644 2003 lib.
1663 1975 1705 2016 7.

963 2024 1066 2075 epist.
1081 2034 1144 2076 30.
1179 2036 1264 2060 cum
1283 2021 1389 2068 dixit,
1408 2035 1507 2078 quae
1520 2031 1632 2061 erant
1637 2021 1706 2074 fu·

961 2091 1074 2120 turae
1091 2093 1203 2119 mane
1221 2077 1415 2133 postridie,
1445 2076 1555 2117 aliter
1583 2076 1708 2131 expla-

961 2135 1142 2175 nandum.
1547 2176 1550 2179 ,

1018 2191 1235 2247 Hortetfii]
1303 2189 1500 2231 Declarata
1540 2190 1704 2230 consulis

962 2248 1173 2298 voluntate,
1207 2247 1461 2288 consularium
1499 2247 1702 2288 sententias

961 2308 1095 2360 incipit
1115 2320 1318 2359 exponere.
1376 2307 1448 2344 Hic
1474 2307 1526 2345 est
1559 2304 1626 2344 ille
1653 2309 1707 2354 Q.

961 2364 1199 2410 Hortenfius,
1228 2361 1538 2415 oratoriafflaude
1568 2361 1703 2401 clarus.

956 2422 1044 2459 Hoc
1064 2419 1150 2459 loco
1168 2421 1304 2468 mirari
1323 2417 1460 2471 aliquis
1482 2419 1605 2472 possit,
1634 2433 1702 2458 cur

958 2479 1108 2524 Cicero,
1144 2475 1189 2515 de
1209 2474 1433 2516 Marcellino
1464 2475 1616 2515 consule
1645 2474 1701 2514 lo-

957 2543 1077 2580 cutus,
1109 2532 1155 2571 ad
1183 2531 1416 2580 consulares,
1448 2531 1579 2572 omiss'a
1608 2530 1699 2572 alte·
1743 2542 1748 2553 '

960 2591 1040 2629 rius
1063 2588 1225 2628 consulis
1242 2593 1284 2637 L.
1302 2588 1468 2643 Philippi
1488 2590 1698 2636 mentione,

959 2648 1174 2685 orationem
1197 2646 1378 2686 traducat.
1434 2648 1597 2698 Opfflor,
1629 2647 1698 2699 qui

957 2701 1088 2742 consul
1127 2705 1253 2756 primo
1282 2704 1373 2741 anni
1412 2701 1537 2741 mense
1583 2700 1696 2741 fasces

957 2758 1142 2809 sumeret,
1172 2759 1334 2801 eundern
1365 2770 1403 2799 et
1436 2757 1700 2854 senatumdeo-

1635 2829 1695 2856 em
