1863 3172
252 95 333 148 580
459 86 688 129 PAVLLI
724 84 1015 134 MANVTII

316 201 488 242 Tantum
505 196 601 250 erit]
687 193 883 234 Eiusmodi
910 197 996 236 erit.

258 273 346 300 nam
377 258 459 303 hic,
490 260 665 300 tantum,
691 251 889 291 minuendi
917 254 998 292 vim

259 316 389 362 habet,
419 326 500 351 non
531 309 706 359 augendi.
745 308 833 349 vide
871 307 937 349 lib.
962 322 999 351 1.

260 373 363 427 epist.
381 380 421 423 7.
450 379 603 409 tantam
623 366 703 406 vim
733 365 857 406 habet.

313 435 571 490 Iaft'aturum]
617 437 714 475 Cum
740 438 871 475 inierit
889 437 1005 485 magi-

263 502 429 540 stratum.
460 509 559 534 nunc
571 496 673 533 enim
693 503 773 550 erat
796 493 1004 543 designatus

260 557 436 596 tribunus
463 549 597 607 plebis.

318 610 500 664 Paullus]
531 606 674 647 Consul
701 606 922 657 designatus.

317 683 382 723 De
411 678 628 735 prouincia]
669 678 862 725 Caesaris,
892 690 1007 729 quam

263 742 424 781 omnino
455 740 491 777 ei
522 735 762 775 adimendam
798 734 1007 773 diffitabat.

263 798 435 838 nondum
463 793 600 834 scilicet
631 807 651 831 a
678 792 836 833 Caesare
858 794 934 830 MD
956 801 1007 829 ta-

263 854 381 902 lenta,
399 853 537 906 quibus
564 850 736 891 addietus
765 850 829 897 est,
857 861 1007 902 accepe-

265 922 336 952 rat.

319 976 572 1031 Occursurus]
603 972 814 1016 Intercedet
833 975 935 1014 enim
956 972 1010 1013 se-

265 1050 376 1080 natus
426 1033 611 1076 consulto.
660 1034 836 1072 tribunus
885 1030 1007 1086 plebis

265 1107 367 1137 erat:
387 1093 490 1147 quod
514 1105 558 1131 ex
577 1089 643 1129 lib.
659 1103 695 1143 5.
713 1089 761 1128 ad
773 1090 881 1129 Attic.
903 1090 1007 1142 epist.

268 1161 334 1202 13.
356 1150 487 1204 liquet.
518 1148 566 1187 ad
586 1149 687 1186 hunc
716 1146 801 1187 sunt
828 1144 1007 1200 epistolae

269 1210 365 1250 duae
388 1210 475 1261 (25.
499 1208 584 1258 26.)
605 1204 670 1244 lib.
695 1216 759 1245 10.

325 1276 478 1330 Plures]
519 1272 670 1314 Acc'effit
698 1276 832 1321 Curio,
861 1274 1009 1324 ingenti

268 1334 443 1376 mercede
462 1349 482 1373 a
500 1331 658 1372 Caesare
680 1344 900 1385 corruptus:
930 1346 1009 1384 quo

268 1407 383 1433 nemo
402 1406 474 1445 pro
495 1389 663 1430 Caesaris
683 1387 802 1428 cauffa
830 1390 928 1428 stetit
947 1402 1012 1428 au·

268 1451 407 1490 dacius.
839 1477 844 1481 .

325 1520 438 1562 Fines
460 1516 540 1572 hos]
569 1520 676 1566 Qios
697 1515 852 1556 ostendi.
873 1513 1011 1569 scripsit

271 1580 372 1619 enim
390 1576 562 1630 proxime
582 1574 627 1613 de
639 1575 811 1614 Parthico
833 1571 949 1619 bello,
966 1573 1012 1612 de

272 1633 425 1676 consule
448 1630 591 1678 Paullo,
609 1633 774 1671 tribunis
801 1629 923 1684 plebis
939 1632 1013 1670 Cu-

275 1695 387 1733 rione
406 1701 444 1730 et
463 1689 619 1727 Furnio.

333 1758 404 1801 Ad
418 1756 599 1809 afflones]
657 1755 714 1795 Ad
745 1757 914 1797 afflones
943 1758 1018 1799 Cu-

276 1820 398 1860 rionis
421 1817 494 1856 hoc
512 1814 625 1861 addo,
639 1813 686 1852 de
703 1827 795 1863 agro
806 1816 1016 1869 Campano.

275 1885 425 1930 praeter
447 1883 582 1918 cetera,
602 1872 723 1911 Curio
743 1870 839 1909 illud
860 1883 943 1921 aget
963 1870 1015 1912 se-

277 1933 411 1986 quenti
439 1944 562 1978 anno,
592 1938 642 1967 vt·
662 1940 752 1977 ager
783 1929 1014 1983 CampanuS,

274 2001 361 2029 ante
383 1985 552 2027 Caesaris
585 1985 805 2032 aduentum,
835 2000 879 2025 ex
902 1988 1016 2040 ipfius

276 2045 449 2087 Caesaris
470 2042 550 2093 lege
569 2042 774 2082 diuidatur.
803 2056 879 2094 qua
905 2045 953 2082 de
976 2057 1018 2082 re

1052 64 1568 123 COMMENTARIVS

1053 196 1202 240 omitti;
1227 209 1289 242 ne,
1319 194 1344 233 fi
1374 209 1454 234 non
1488 192 1707 240 diuidatur,
1732 207 1794 234 va-

1055 267 1147 291 cuus
1166 251 1386 290 aduenienti
1415 248 1567 290 Caesari
1592 260 1730 304 pateat,
1759 260 1796 290 et
1855 299 1859 303 ι

1056 311 1104 349 ab
1129 323 1176 348 eo
1194 307 1256 348 vel
1274 308 1385 361 ipfius
1405 305 1601 356 militibus,
1631 304 1692 347 vel
1717 305 1796 360 ple-

1055 368 1100 406 bi
1122 365 1328 405 diuidatur.

1054 424 1124 477 bo,
1153 432 1306 478 negant,
1336 420 1628 473 affirmationem
1660 419 1771 460 elicio
1785 435 1806 471 5¹

1060 493 1207 518 nouum
1226 493 1306 517 non
1331 479 1393 517 est.
1428 477 1681 517 consideretur
1700 476 1798 517 illud

1059 534 1125 576 lib.
1138 548 1178 590 7.
1200 534 1248 574 ad
1269 537 1380 574 Attic.
1404 535 1506 588 epist.
1531 543 1591 587 15.
1619 536 1798 589 Plerique

1061 603 1216 649 negant,
1264 592 1462 644 Caesarem
1501 592 1542 629 in
1585 590 1798 632 conditione

1064 651 1311 701 mansurum5
1349 648 1617 703 postulataque
1634 646 1723 687 haec
1747 648 1798 688 ab

1063 721 1104 747 eo
1124 705 1350 759 interpqfita
1372 702 1446 760 effe,
1469 719 1540 762 quo
1559 704 1807 760 minus‚quod

1063 776 1152 817 opus
1174 760 1256 818 estet
1281 761 1336 803 ced
1353 761 1505 809 bellum,
1522 776 1548 801 a
1565 759 1668 800 nobis
1683 772 1803 812 para·

1064 831 1188 860 retur.
1244 822 1289 858 Et
1310 818 1406 858 illud
1440 816 1506 858 lib.
1523 831 1584 859 12.
1609 818 1712 870 epist.
1734 827 1803 865 30.

1061 877 1109 917 ad
1155 876 1428 917 Cornificium:
1469 875 1562 915 Noli
1608 872 1807 927 impudens

1063 929 1141 989 ‘ffi'’
1163 949 1229 973 nec
1257 933 1353 973 mihi
1381 933 1591 985 molestiam
1614 930 1805 971 exhibere.
1844 932 1855 938 “’

1061 990 1133 1030 Sed
1145 992 1196 1030 est
1214 989 1315 1042 apud
1335 1004 1396 1029 me
1416 999 1524 1029 vetus
1546 986 1689 1034 liber,a
1705 1001 1808 1041 quo,

1063 1048 1176 1094 nolle,
1219 1048 1340 1086 abest:
1390 1061 1459 1085 nec
1507 1045 1700 1099 displicet:
1741 1046 1808 1084 fiet
1855 1075 1863 1090 .-

1065 1107 1167 1143 enim
1189 1105 1280 1143 haec
1305 1103 1507 1144 sententia:
1544 1105 1696 1151 Negant
1712 1103 1806 1141 Cae·

1063 1161 1185 1201 sarem
1213 1160 1404 1209 laborare,
1428 1160 1651 1213 Pompeium
1677 1169 1807 1199 autem

1064 1217 1196 1259 valde:
1226 1229 1267 1257 vt
1284 1232 1328 1256 ex
1350 1218 1486 1257 eodem
1498 1218 1633 1263 verbo,
1651 1225 1808 1271 negant,
1860 1223 1863 1225 ’

1065 1278 1231 1331 primurn
1253 1277 1418 1325 negatio,
1437 1274 1574 1314 deinde
1594 1275 1706 1312 etiam
1719 1273 1809 1311 edu·

1066 1343 1173 1372 catur
1207 1332 1421 1372 affirmatio.

1067 1393 1289 1444 Pompeium
1341 1388 1464 1428 diuidi
1507 1389 1632 1427 statim
1675 1401 1811 1437 agrum

1067 1450 1318 1501 Campanum,
1336 1446 1419 1485 satis
1453 1445 1680 1494 intelligitur
1709 1459 1729 1483 e
1757 1443 1809 1483 se·

1069 1507 1273 1558 quentibus
1298 1504 1440 1550 verbis,
1460 1518 1506 1542 ne
1528 1516 1670 1542 vacuus
1699 1501 1813 1542 edne-¹
1859 1515 1863 1523 “

1388 366 1502 411 Nam,
1523 363 1629 417 quod
1649 378 1693 402 ex
1714 378 1800 403 ver·
1821 377 1840 406 ⁴,

1484 1329 1652 1384 Cupiiss'e
1680 1341 1810 1369 autem
1860 1348 1863 1355 =

1070 1565 1192 1602 nienti
1213 1561 1366 1611 Caesari
1391 1569 1539 1613 pateat.
1580 1556 1811 1597 diuisoribus
1850 1571 1854 1574 ’

1072 1621 1172 1658 enim
1197 1622 1339 1668 gratiae
1360 1616 1568 1670 plurimum
1592 1616 1812 1667 acquireba-

1072 1688 1134 1716 tur
1157 1676 1257 1729 apud
1279 1689 1358 1722 eos,
1390 1676 1458 1727 qui
1477 1671 1672 1727 poffess'uri
1693 1682 1813 1714 erant.
1855 1680 1858 1682 ’

1125 1748 1376 1798 Prorogetur]
1431 1749 1479 1784 Vt
1508 1753 1634 1783 annua
1664 1753 1816 1785 tantum

1034 1810 1039 1814 “
1072 1805 1294 1858 prouinciae
1319 1803 1361 1840 fit
1388 1801 1676 1840 administratio.
1706 1801 1815 1854 quod

1071 1863 1119 1901 ab
1140 1875 1186 1900 eo
1207 1862 1341 1898 Cicero
1372 1861 1534 1913 petierat
1559 1857 1676 1899 lib.2.
1697 1860 1812 1912 epist.

1070 1930 1111 1972 7.
1133 1925 1169 1966 8.
1192 1929 1256 1958 10.

1129 1988 1205 2027 Tm'
1226 1984 1375 2039 cmfilt‘i
1395 1985 1460 2040 est]
1487 1987 1557 2025 Tu
1577 1986 1707 2034 statue,
1724 1985 1818 2039 quid
1861 2000 1863 2007 ⁴

1075 2043 1263 2094 agendum
1295 2043 1365 2081 tibi
1399 2044 1454 2091 fit,
1492 2041 1638 2082 velisne
1668 2044 1707 2081 in
1728 2057 1819 2096 pro·
1860 2078 1863 2083 .

275 2101 361 2142 satis
413 2098 564 2154 copiose
612 2098 755 2139 dietum
800 2101 851 2138 est
892 2098 958 2139 lib.
983 2111 1018 2141 1.

274 2162 378 2214 epist.
401 2171 439 2211 9.
486 2156 534 2195 ad
565 2170 652 2195 eum
683 2154 841 2208 flocum:
889 2158 943 2197 Vt
970 2155 1018 2197 cle

274 2231 369 2273 agro
404 2217 608 2265 Campano,
644 2212 840 2268 frequenti
862 2213 1018 2264 stuata,

275 2272 409 2314 1d1'bus
441 2272 564 2310 Maiis
589 2267 818 2320 referretur.

1075 2103 1200 2142 vincia
1230 2113 1448 2146 remanere,
1483 2113 1546 2146 an,
1564 2100 1673 2138 finito
1701 2113 1820 2148 anno,
1855 2109 1863 2130 ι·

1076 2158 1267 2197 discedere
1302 2167 1434 2196 contra
1462 2155 1610 2196 senatus
1642 2155 1818 2197 volunta·
1853 2132 1863 2223 ξ

1075 2226 1165 2256 tem.

1135 2282 1311 2337 Tempus]
1393 2284 1551 2337 Propter
1573 2282 1715 2323 bellum
1734 2285 1820 2326 Par·
1858 2286 1863 2332 ἰ

1076 2342 1236 2381 thicurn:
1266 2354 1344 2393 quo
1365 2351 1535 2389 vrgente,
1552 2340 1822 2382 discedendum
1855 2335 1863 2361 ἶ

1077 2411 1158 2437 non
1191 2398 1343 2438 videtur
1369 2408 1479 2444 ante,
1509 2411 1623 2450 quam
1652 2395 1822 2438 succeda-
1853 2423 1863 2446 ,ἶ

1078 2465 1152 2494 tur.
1191 2456 1275 2494 Lib.
1297 2468 1336 2495 2.
1376 2455 1478 2508 epist.
1507 2466 1567 2507 17.
1625 2456 1737 2512 Qtin
1764 2454 1823 2496 ad
1850 2459 1863 2507 ',

1076 2510 1189 2559 diem-
1218 2510 1405 2557 decedam,
1438 2511 1549 2550 nulla
1592 2509 1716 2566 cau-sse}
1753 2510 1820 2568 est,
1855 2514 1863 2542 ’ἶ

270 2585 397 2638 peium
418 2580 533 2620 valde
555 2582 680 2620 nolle:
708 2595 792 2633 pro,
806 2582 1021 2634 Pompeium
1070 2569 1296 2621 Pra‘strtim
1312 2567 1471 2618 sh'l'latO
1495 2572 1598 2608 metu
1624 2567 1818 2610 Parthie&

1129 2638 1310 2693 Sumtus]

275 2641 388 2680 aiunt
409 2637 523 2677 valde
544 2639 654 2677 velle.
684 2638 884 2675 Libentius
905 2639 1021 2676 inter·
1366 2640 1481 2680 Paeto
1506 2637 1653 2678 senatus
1673 2637 1820 2679 consul·
1851 2649 1863 2694 g

273 2705 428 2750 pretor:
479 2695 702 2746 Pompeium
754 2695 862 2732 aiunt
907 2693 1019 2733 valde
1075 2705 1116 2734 to
1181 2695 1228 2735 de
1296 2696 1538 2749 proroganda
1595 2697 1820 2749 prouincia:
1852 2695 1863 2730 ff

273 2750 399 2792 nolle:
445 2749 485 2789 id
529 2752 593 2799 est,
640 2749 747 2790 noue
791 2751 1016 2791 diuisionem
1075 2753 1180 2806 quod
1203 2755 1351 2808 ‚Cicero
1372 2754 1548 2809 timebat·
1580 2751 1627 2793 d‘e
1657 2752 1818 2793 biennio
1840 2742 1863 2793 ,ἓ

608 2812 632 2833 ⁹
1662 2808 1818 2863 quidem
1846 2806 1863 2848 5³

330 2339 544 2393 Laborare]
575 2338 794 2386 Diuidatur,
817 2354 884 2378 nec
904 2353 965 2380 ne.

336 2410 460 2455 Valde
481 2411 599 2460 nolle]
630 2413 722 2450 Non
744 2409 877 2463 placet,
899 2424 920 2449 a
937 2424 1020 2450 ver·

272 2471 339 2516 b0‚
356 2480 507 2524 negant,
527 2467 694 2519 pendere
718 2469 880 2507 verbum
905 2469 1018 2507 nolle.

275 2527 407 2566 durius
428 2526 532 2562 enim
553 2524 718 2571 videtur,
743 2532 883 2580 negant
907 2524 1019 2563 Pom-
