1863 3172
170 162 226 194 20
382 124 606 187 eAvLm
643 140 936 185 MANv'ru

173 262 214 303 id
234 262 296 310 est,
326 263 366 300 in
395 256 560 298 curanda
589 256 662 295 tibi
690 252 918 294 reduffione

173 322 286 370 regis.
341 319 385 357 Et
403 314 525 354 infra:
560 311 633 352 hac
661 311 772 368 regia
790 307 920 366 cauffa

175 386 342 427 excepta.
400 375 444 412 Et
470 373 512 410 in
542 368 734 408 extremo:
773 363 840 407 noi·
878 368 921 407 in

176 429 300 485 caussa
331 429 602 471 aufferitatem
655 440 697 466 eo
736 425 922 464 minorem

173 481 363 532 habemus.
421 483 617 525 Differunt
634 491 761 521 autem
780 495 853 529 res,
883 490 921 520 et

176 550 262 600 cates
276 562 313 593 a,
335 553 385 590 et,
408 552 446 583 vt
464 541 648 587 aubin-or,
675 540 716 578 in
737 552 784 578 eo
815 536 923 576 diffe-

176 614 281 650 runt,
299 599 418 655 quod,
438 614 512 645 res,
532 607 635 650 patet
655 595 852 649 aliquanto
869 592 921 633 la·

177 663 276 709 tim,
302 672 416 712 quam
444 651 594 709 cauffite
635 663 678 693 vt
705 667 763 692 res
794 661 921 690 totum

176 718 373 768 negotium
396 714 586 763 fignificet‚
607 706 730 765 cauffiz
750 722 845 749 vero
859 722 924 747 ne·

178 776 275 826 gotii
295 783 443 827 partem
459 768 579 815 illam,
597 780 696 819 quae
712 765 760 805 ad
782 768 922 804 Lentu·

179 833 261 873 lum
280 831 468 885 pertinet,
499 835 540 864 vt
560 822 699 863 scilicet
734 823 924 862 restitutio

179 891 278 939 regis
299 887 347 927 ad
367 899 454 926 eum
483 881 688 922 deferatur.
725 880 816 919 huic
845 880 925 932 opi-

185 947 297 987 nioni
327 941 580 990 suffragantur
611 938 766 992 potius,
809 949 927 989 quam

183 1000 448 1047 aduersantur,
469 994 651 1049 exempla.
673 995 784 1047 Epist.
796 1005 833 1046 5.
864 992 929 1032 De

183 1057 458 1102 Alexandrina
489 1068 545 1102 re,
589 1048 786 1104 cauffaque
808 1050 930 1107 regia.

177 1118 297 1171 Epist.
310 1126 351 1169 7.
395 1109 511 1169 Quid
538 1124 621 1158 res,
669 1108 766 1162 quid
789 1103 931 1161 cauffit,

188 1171 286 1228 quid
312 1182 454 1222 tempus
464 1165 590 1220 ferat.
626 1165 736 1217 Epist.
747 1175 787 1217 9.
819 1164 930 1203 Acce-

183 1230 288 1286 pisti,
305 1226 439 1284 quihus
456 1223 569 1264 rebus
588 1220 933 1274 adduibzsquam·

191 1302 263 1343 que
289 1297 383 1330 rem,
418 1278 653 1334 catqlfizmque
679 1275 933 1329 defenderim.

190 1344 274 1385 Lib.
290 1354 326 1384 2.
352 1340 453 1394 epist.
476 1339 514 1379 6.
544 1335 664 1374 Nunc
690 1332 763 1374 tibi
790 1345 935 1372 omnem

193 1413 288 1446 rem,
313 1408 429 1452 atque
458 1389 632 1447 cauffam,
662 1404 792 1447 meque
813 1399 936 1429 totum

193 1451 428 1500 commendo,
458 1461 574 1505 atque
605 1445 733 1488 trado.
764 1447 873 1499 Epist.
894 1456 935 1498 7.

191 1512 349 1555 ibidem.
388 1508 452 1549 De
475 1502 697 1557 sacerdotio
724 1513 792 1544 tuo
823 1516 943 1557 quan-

197 1583 278 1613 tam
296 1579 430 1609 curam
440 1562 692 1608 adhibuerim,
709 1572 941 1616 quamquam

200 1626 352 1682 dfficili
375 1625 415 1662 in
438 1636 494 1668 re,
513 1629 629 1674 atque
652 1613 790 1672 caussa,
811 1629 939 1669 cogno-

188 1685 276 1737 sces
296 1696 345 1723 ex
362 1682 411 1721 iis
440 1678 580 1723 literis,
597 1688 694 1730 quas
715 1672 943 1722 Tharasoni,

204 1740 342 1782 liberto
358 1749 422 1778 tuo
449 1732 552 1775 dedi.
579 1732 663 1771 Lib.
687 1742 752 1772 12.
777 1731 882 1783 epist.
900 1741 941 1781 4.

206 1795 418 1839 scriberem
432 1792 559 1845 plura⁴
579 1788 630 1844 si
642 1801 737 1834 rem,
766 1782 945 1842 causfitm-

207 1870 278 1911 que
297 1849 439 1905 nolsem.
486 1850 533 1887 In
563 1855 658 1885 orat.
685 1858 757 1897 pro
778 1844 941 1883 Caecina

210 1927 240 1951 c.
251 1925 289 1964 4.
301 1901 447 1953 Multa,
458 1903 653 1960 quaesunt
663 1903 703 1941 in
718 1915 771 1950 re,
781 1902 871 1954 quia
884 1914 943 1940 re·

209 1966 412 2017 motasunt
430 1977 454 2001 a
475 1957 609 2014 cauffiz,
617 1959 944 2010 praetermittam.

210 2024 282 2066 Sed
310 2023 394 2062 finis
416 2015 676 2070 exemplorum
692 2015 756 2055 fit:
791 2011 946 2053 vitanda

215 2084 316 2123 enim
337 2078 484 2118 satietas
508 2075 571 2114 est.

272 2189 476 2238 Acerbum]
526 2184 748 2231 Infamem,
778 2183 953 2222 iniucun-

221 2251 328 2290 dam:
354 2244 601 2287 translatione
630 2256 650 2280 a
673 2240 860 2280 frufflbus
884 2241 953 2276 im·

222 2307 393 2349 maturis.
427 2301 511 2342 Lib.
526 2313 559 2351 3.
590 2300 691 2352 epist.
708 2304 743 2345 g.
771 2296 953 2336 antitheta

220 2363 347 2419 posuit
372 2357 546 2398 acerbum
566 2366 601 2394 et
621 2354 754 2395 dulce:
783 2353 874 2393 Non
893 2350 955 2412 des

223 2421 312 2462 kent
346 2417 484 2456 mirari
510 2412 695 2457 homines,
719 2429 765 2439 —·
805 2424 864 2449 me
889 2408 954 2462 este

225 2474 400 2519 acerbum
405 2470 502 2525 sihi,
520 2468 649 2521 vestm
676 2465 798 2507 dulcis
823 2464 928 2506 mihi.

273 2588 425 2636 Putem]
449 2584 549 2632 Qiia
567 2586 720 2627 revera
741 2576 874 2631 ipsum,
903 2577 959 2616 vi·

222 2661 327 2693 vere,
353 2642 497 2683 nemini
516 2638 693 2678 acerbum
714 2637 777 2683 est,
797 2633 859 2673 sed
875 2644 958 2673 tum

222 2703 397 2747 videtur,
427 2711 511 2737 cum
544 2693 721 2734 accedunt
754 2689 958 2730 molestiae.

221 2761 324 2807 ideo,
340 2767 468 2812 putem
485 2752 579 2792 dixit
597 2751 738 2805 potius,
755 2762 868 2802 quam
869 2746 959 2802 sen-

223 2829 334 2858 eccam.

972 137 1493 180 COMMENTARIVS

1028 253 1076 293 ln
1095 247 1216 305 cauffiz
1234 249 1326 291 haec
1341 248 1456 303 sunt]
1488 230 1592 290 hinec
1614 246 1715 295 sunt,

975 323 1075 363 quae
1093 308 1179 355 tibi,
1213 320 1294 360 quo
1317 308 1361 347 in
1387 304 1632 357 statu-caussa
1659 305 1717 354 fit,

975 367 1180 417 fignificare
1213 363 1363 418 poffint.

1032 435 1305 484 Hammonius]
1344 435 1499 474 Nomen
1524 433 1717 487 Aegyptii·

976 495 1168 540 vfitatum,
1196 489 1287 530 inde
1309 489 1478 538 du&um,
1495 490 1600 543 quod
1616 488 1719 545 apud

976 550 1154 597 Libycos,
1173 559 1216 589 vt
1234 551 1287 587 ait
1308 546 1520 594 Pausanias,
1545 549 1720 601 Iuppiter

976 611 1173 648 Hammon
1196 603 1399 646 coleretur·

1033 690 1150 745 Regis
1169 689 1338 744 legatus]
1370 691 1471 730 Nam
1493 703 1559 729 rex
1570 689 1720 732 aberat:

977 751 1085 804 quia,
1104 762 1190 787 cum
1211 749 1431 795 exercitum,
1458 745 1620 792 Sibyllae
1639 761 1725 788 ver·

980 808 1081 848 {ibus
1107 804 1366 852 interdie'mm,
1398 803 1625 858 desperaret,
1659 818 1724 859 pe·

981 865 1057 910 tiit,
1077 871 1119 902 vt
1143 876 1165 900 a
1187 862 1383 915 Pompeio,
1404 860 1554 901 duobus
1577 871 1726 902 tantum

981 919 1184 961 ueteribus
1215 919 1417 966 comitato,
1453 919 1726 960 restitueretur.

985 976 1093 1033 quod
1113 989 1198 1015 cum
1219 989 1299 1014 non
1323 973 1567 1027 impetrasset,
1598 978 1726 1016 vetito

986 1035 1132 1081 senatu,
1179 1046 1228 1071 ne
1274 1034 1444 1085 Pompeii
1472 1034 1644 1086 potentia
1670 1034 1729 1072 ni-

983 1093 1107 1131 mium
1125 1085 1329 1139 augeretur
1340 1103 1350 1133 3
1367 1090 1513 1129 ahie&
1524 1087 1598 1143 spe,
1610 1089 1729 1144 Ephe-

986 1148 1068 1188 sum
1088 1146 1125 1186 se
1143 1144 1371 1193 contuierat,
1389 1144 1526 1185 reneio
1547 1149 1730 1187 Hammo-

980 1207 1055 1245 .nio
1076 1202 1214 1253 legato.
1243 1201 1434 1242 disceffifl‘e
1455 1217 1540 1242 eum
1554 1204 1602 1250 ab
1620 1205 1731 1251 vrbe,

987 1271 1194 1314 antequam
1216 1260 1362 1300 tribuni
1392 1258 1513 1313 plebis
1543 1262 1732 1310 magistra·

990 1329 1073 1359 tum
1090 1318 1248 1365 inirent,
1268 1316 1307 1355 id
1330 1318 1395 1363 est,
1425 1327 1512 1356 ante
1539 1319 1602 1356 1v.
1640 1320 1735 1358 Idus

990 1379 1080 1417 Dec.
1129 1373 1232 1427 apud
1283 1375 1458 1413 Nonium
1503 1373 1732 1415 Fenestellae

992 1434 1111 1474 verba
1136 1431 1353 1482 fignificant.
1438 1431 1512 1470 Dio
1541 1430 1732 1472 disceffiffe

993 1490 1187 1539 fignificat,
1206 1501 1285 1526 non
1308 1485 1425 1526 modo
1447 1488 1529 1540 post
1552 1489 1691 1528 initum
1710 1503 1733 1528 a

993 1547 1160 1587 tribunis
1174 1542 1296 1598 plebis
1319 1545 1584 1594 magistratum,
1608 1544 1670 1585 sed
1683 1557 1738 1586 et·

994 1607 1070 1644 iam
1091 1599 1327 1642 consulatum
1345 1603 1562 1650 gerentibus
1578 1602 1737 1642 Marcel-

998 1660 1079 1700 lino
1091 1669 1137 1699 -et
1158 1657 1348 1712 Philippo,
1371 1657 1411 1697 id
1449 1660 1511 1705 est,
1540 1661 1623 1712 post
1655 1660 1734 1701 Kal.

997 1721 1078 1758 Ian.
1101 1719 1179 1766 Ego
1208 1715 1389 1755 affentior
1419 1714 1669 1764 Fenestellae,
1700 1728 1736 1758 et

997 1773 1105 1828 quod
1125 1774 1336 1826 antiquior,
1358 1785 1473 1825 quam
1500 1774 1589 1820 Dio,
1623 1774 1738 1824 (nam

996 1845 1084 1872 eum
1108 1831 1310 1869 nouissimo
1337 1830 1496 1869 Tiberii
1521 1832 1736 1885 principatu

996 1885 1160 1944 periisse,
1179 1885 1323 1926 Plinius
1344 1887 1413 1937 ait)
1435 1895 1472 1925 et
1492 1886 1597 1939 quod
1617 1887 1739 1928 inre-

996 1948 1069 1987 bus
1089 1945 1270 1983 Romanis
1297 1945 1421 1982 maior
1441 1943 1589 1982 homini
1605 1945 1742 1985 Roma-

1000 2016 1066 2051 no,
1082 2000 1302 2056 praesertim
1326 2003 1470 2040 Romae
1490 2002 1651 2049 viuenti,
1679 2003 1743 2043 ha-

1001 2058 1128 2100 benda
1147 2057 1239 2097 fides
1261 2059 1324 2098 est.
1354 2055 1432 2110 ipse
1455 2059 1568 2096 etiam
1590 2060 1745 2108 Cicero,

1004 2130 1090 2156 cum
1109 2116 1200 2155 haec
1219 2114 1350 2154 Idibus
1367 2117 1445 2153 Ian.
1466 2113 1657 2163 scriberet,
1686 2131 1745 2157 re·

1004 2187 1090 2224 gem
1110 2173 1158 2212 ab
1167 2173 1263 2213 vrbe
1282 2170 1404 2211 multo
1422 2182 1510 2211 ante
1529 2172 1744 2224 profee’tum

1006 2229 1203 2270 ostendere
1231 2228 1385 2269 videtur
1415 2229 1472 2267 his
1505 2232 1656 2269 verbis:
1697 2232 1746 2272 In

1006 2285 1117 2327 rebus
1136 2288 1256 2327 multo
1282 2296 1388 2332 ante,
1417 2299 1533 2339 quam
1555 2287 1747 2338 profec‘lus·

1009 2358 1059 2391 es,
1079 2342 1223 2395 abipso
1240 2355 1339 2399 rege,
1371 2352 1409 2381 et
1438 2341 1487 2382 ab
1513 2343 1673 2391 intimis,
1700 2358 1746 2384 ac

1008 2399 1218 2454 domesticis
1261 2400 1428 2453 Pompeii
1462 2400 1564 2440 clam
1599 2401 1747 2442 exulce-

1010 2466 1126 2496 rutts.

1067 2541 1232 2594 Aperte]
1287 2537 1411 2580 Nullo
1459 2538 1586 2590 legum
1620 2550 1746 2580 metu:

1014 2610 1112 2650 quae
1139 2611 1198 2636 res
1225 2595 1415 2637 infensum
1446 2596 1664 2638 Ptolemaeo
1693 2596 1748 2638 se·

1011 2664 1144 2694 natum
1171 2653 1348 2694 reddidit.

1065 2739 1286 2793 oppugnat]
1309 2730 1749 2780 Aduersaturvehemen-
1818 2732 1839 2759 ·’

1829 2778 1831 2780 ’
1846 2794 1855 2822 ,t

1844 2831 1852 2843 χ

1014 2807 1085 2838 ter.
1113 2797 1324 2838 Translate
1353 2797 1488 2846 verbo,
1519 2810 1597 2852 quo
1629 2798 1747 2846 magis

1631 2856 1748 2892 Ham·
1814 2886 1816 2889 .

1824 1805 1832 1815 ι

1846 1585 1863 1893 Mittam·
1844 1539 1862 1575 “-
