1863 3172
274 54 344 94 IN
371 55 485 94 CIC.
513 52 717 93 EPIST.
741 54 875 96 FAM.
905 53 1015 94 LIB.
1045 54 1074 97 I.
1110 54 1300 94 EPIST.
1329 56 1397 96 IX.

119 162 250 206 Idibus
272 163 414 217 Maiis]
474 168 563 214 Quo
600 177 724 207 tamen
745 166 806 206 die

66 220 222 262 relatum
244 235 322 260 non
345 221 426 268 esse,
441 221 567 262 scribit
589 224 666 277 ipsc
688 223 752 264 lib.
766 237 804 265 2.

63 278 110 318 ad
129 280 256 328 QFr.
287 280 442 332 epist.8.
501 281 630 337 Quid,
664 283 802 334 inquit,

67 334 207 383 Idibus,
227 345 265 374 et
291 337 472 388 postridie
482 337 622 389 fuerat
643 337 802 384 Alfium,

62 392 108 432 de
137 404 232 447 agro
255 392 444 446 Campano
476 394 605 435 uHum
631 396 696 442 iri,
712 408 803 441 *non

61 447 114 498 est
140 446 276 488 aslum.
335 449 426 489 Ideo
445 462 569 491 autem
590 465 636 489 eo
657 449 732 498 dic,
759 460 801 489 vt

65 504 212 544 senatus
235 505 469 555 decreuerat,
498 508 545 546 de
570 521 662 557 agro
694 510 802 546 Cam-

63 573 274 616 pano‘non
305 566 356 603 est
382 566 520 612 aCtum,
547 566 637 617 quia
658 563 802 604 senten-

63 621 156 658 tiam
175 621 310 659 Cicero
343 623 526 661 mutauit:
573 621 678 674 quod
708 621 806 660 indi·

64 687 148 716 cant
171 690 227 725 ea,
250 691 347 730 quae
380 677 600 732 sequuntur.

124 748 232 787 Num
241 747 367 801 potui]
451 752 548 799 Quis
574 763 653 789 non
684 748 803 795 videt,

63 806 247 844 maiorem
267 806 305 844 in
330 804 511 847 sententia
543 809 622 846 vim
654 805 748 854 esse,
780 807 805 844 fi

65 875 89 901 a
113 860 318 915 particula,
347 877 450 911 num,
480 866 649 918 incipiat,
681 865 806 918 perio-

64 917 155 958 dum
174 918 369 959 claudente
395 920 660 970 interrogandi
692 932 804 967 nota,

63 988 178 1030 quam
204 977 227 1014 fi
247 990 281 1023 a,
304 991 390 1026 non,
421 979 496 1018 fine
530 978 659 1018 eadem
688 979 803 1017 nota?

64 1042 102 1073 et
121 1033 211 1072 haec
233 1035 291 1072 vis
312 1034 373 1072 hic
393 1038 554 1076 maxime
579 1036 804 1088 requiritur,

61 1091 126 1130 vbi
157 1088 194 1129 se
222 1089 410 1140 Lentulo,
439 1105 630 1146 tamquam
658 1093 805 1131 bonum

64 1148 200 1195 ciuem,
227 1162 294 1186 nec
328 1147 459 1189 exsulii
496 1159 684 1189 mutatum
712 1147 805 1187 cala-

61 1205 207 1251 mitate,
228 1206 382 1252 iaetans,
405 1209 572 1247 afflones
594 1220 666 1261 pro
694 1219 805 1259 repu-

60 1259 160 1302 blica
172 1260 253 1300 suas
274 1261 432 1304 extollit.
463 1263 599 1303 Eadem
620 1265 677 1302 vis
691 1276 806 1311 agno-

63 1316 179 1358 scitur
196 1317 261 1358 lib.
281 1329 311 1358 1.
345 1319 390 1359 de
419 1321 524 1361 Orat.
553 1330 632 1373 οε).
695 1320 803 1359 Num

61 1373 168 1431 quod
190 1376 426 1431 eloquentiae
461 1376 656 1434 vestigium
690 1388 804 1429 appa-

62 1433 157 1471 ret?
185 1445 270 1485 pro,
290 1434 439 1474 nullum
456 1435 611 1488 prorsus
637 1433 806 1487 eloquen-

63 1490 144 1528 tiae
165 1489 362 1545 vqstzgium
380 1502 550 1544 apparet,
580 1489 686 1543 quod
703 1488 805 1527 idem

65 1556 146 1584 erat
165 1547 205 1584 in
225 1545 419 1596 sententia,
439 1548 514 1595 sed,
534 1557 575 1587 vt
595 1557 711 1599 patet,
733 1544 812 1585 lan-

64 1601 227 1652 guidius.
313 1607 427 1652 Haec,
460 1608 502 1644 in
533 1618 573 1642 re
594 1603 679 1643 satis
705 1614 810 1650 nota,

67 1669 194 1699 tamen
212 1659 312 1699 dixi:
341 1664 430 1714 quia
460 1659 668 1702 nonnullos
702 1659 810 1699 dubi-

67 1727 149 1756 tare
168 1717 298 1765 audio,
320 1729 449 1758 vtrum
469 1719 624 1766 reetius,
646 1731 750 1765 num,
760 1730 809 1756 an

67 1787 153 1814 non.

126 1844 264 1902 Magis
283 1845 325 1884 in
359 1858 485 1885 arcem
513 1847 626 1887 illius
666 1842 814 1900 cauffize

69 1901 272 1955 inuadere]
340 1904 458 1952 Magis
472 1902 665 1943 aduersari
683 1901 812 1942 Caesa-

70 1960 137 2007 ris,
157 1972 198 1998 ac
226 1960 397 2012 Pompeii
424 1958 624 2000 voluntati.
656 1957 810 1999 transla-

71 2018 178 2056 tione
200 2014 286 2055 vsus
307 2017 371 2063 est,
400 2015 448 2055 ad
472 2016 712 2056 indicandam
733 2018 812 2055 ani·

72 2074 126 2114 mi
149 2071 205 2112 sui
222 2071 490 2112 fortitudinem
517 2072 813 2114 accommodata.

72 2124 187 2169 nem'o
208 2131 322 2178 enim,
343 2132 409 2169 nisi
429 2130 554 2180 sortis,
574 2142 612 2171 et
630 2131 815 2179 constans,

74 2187 115 2226 in
134 2201 257 2226 arcem
286 2187 446 2227 inuadit.

134 2258 358 2310 Temporum
381 2261 567 2309 meorum]
603 2262 713 2308 Qae
732 2272 814 2298 mo·

77 2328 169 2354 nere
197 2314 448 2364 videbantur,
479 2330 527 2354 ne
557 2316 651 2369 quid
681 2325 814 2355 contra

76 2373 290 2426 potentium
352 2371 588 2412 voluntatem
651 2384 814 2423 agerem.

78 2427 183 2481 quod
203 2443 286 2468 cum
307 2439 416 2468 antea
445 2428 621 2478 fecissem,
658 2444 743 2469 cum
777 2431 816 2468 P.

78 2484 218 2525 Clodio
249 2485 532 2540 ad'pcrniciem
574 2501 697 2535 meam
729 2500 818 2526 con·

79 2542 279 2596 spirarunt.

135 2613 358 2664 AHionum]
416 2619 598 2654 Veterum
621 2615 817 2654 afflonum

80 2684 151 2725 pro
178 2670 383 2724 republica,
402 2686 484 2710 cum
507 2673 644 2724 quibus
668 2669 820 2710 consen-

81 2730 155 2768 tire
184 2729 382 2769 videbatur
411 2727 595 2768 sententia
622 2729 819 2769 Ciceronis

823 2420 825 2422 .
869 2396 1059 2442 potuerat.

1550 64 1603 110 89

863 166 910 207 de
931 182 1021 218 agro
1045 169 1241 222 Campano
1268 167 1381 218 dieta,
1409 168 1511 209 nulla
1537 184 1601 209 eo·
1658 211 1660 216 ,

862 239 946 263 rum
975 227 1124 264 ratione
1154 227 1303 273 habita,
1322 231 1499 279 [quorum
1527 242 1601 282 ope
1658 218 1659 227 ἵ

860 283 1052 321 restitutus
1072 294 1152 321 erat
1169 284 1216 322 ab
1239 282 1393 325 exsulio.

914 354 1109 408 Qgtorum'
1139 367 1345 408 numquam
1388 353 1601 408 putaram]

859 410 1080 461 Pompeium
1100 410 1311 458 significari,
1347 411 1431 452 satis
1461 413 1603 452 constat

861 480 905 505 ex
928 467 987 513 iis,
1010 480 1107 519 quae
1139 465 1361 518 sequuntur.

917 536 1010 577 Cum
1029 536 1121 575 mihi
1143 536 1461 591 nihilosie11d4ffit
1470 539 1517 589 se
1536 535 1603 592 eff}

859 590 1060 645 offensum]
1091 596 1171 633 Nec
1186 596 1299 642 enim,
1320 594 1413 648 quid
1435 594 1602 641 sentiret,

861 652 1061 704 Pompeius
1110 651 1307 690 ostendere
1359 651 1490 690 solitus
1539 653 1601 691 est.

860 709 962 762 epist.
987 720 1020 759 ς.
1108 708 1219 762 Nosti
1248 708 1404 748 hominis
1432 707 1605 747 tardita-

861 777 951 812 tem,
963 776 1002 806 et
1020 765 1345 805 taciturnitatem.
1358 764 1423 805 lib.
1450 772 1485 814 8.
1499 766 1601 818 epist.

865 833 900 863 1.
922 823 1022 862 Solet
1041 821 1153 862 aliud
1157 822 1321 874 sentire,
1352 834 1390 862 et
1412 824 1529 877 loqui.

919 893 967 932 In
1000 891 1238 940 Sardiniam,
1267 904 1305 934 et
1332 895 1373 932 in
1401 891 1604 946 Africam]
1648 932 1654 934 .

858 952 908 989 Vt
945 948 1180 989 frumentum
1220 951 1266 989 ad
1302 952 1435 990 vrbem
1468 964 1602 988 conue-

859 1006 1026 1046 hendum
1049 1017 1216 1047 curaret:
1247 1022 1360 1061 quam
1383 1009 1607 1061 potestatem

859 1077 904 1102 ex
926 1063 1072 1103 senatus
1095 1064 1267 1104 consulto
1291 1076 1327 1104 et
1351 1063 1433 1114 lege
1454 1066 1605 1104 eiman-

859 1120 983 1160 datam
1004 1119 1089 1168 esse,
1110 1123 1184 1160 iam
1205 1122 1379 1162 diximus.
1407 1120 1473 1161 lib.
1495 1136 1535 1175 4.
1556 1120 1604 1160 ad

860 1181 971 1218 Attic.
1008 1179 1110 1231 epist.
1131 1190 1162 1219 1.

916 1249 1077 1298 Lucam]
1108 1251 1326 1287 Extremum
1348 1247 1507 1301 opidum
1521 1246 1607 1288 Gal·

856 1304 929 1344 liae
953 1303 1182 1358 Cisalpinae,
1206 1320 1303 1359 quae
1340 1304 1508 1344 Caesaris
1537 1307 1608 1345 im-

858 1364 968 1417 perio
993 1375 1075 1400 cum
1100 1362 1383 1416 Transalpina,
1419 1374 1456 1402 et
1484 1361 1606 1408 Illyri-

860 1434 904 1459 co
943 1419 1155 1467 regebatur.
1213 1420 1261 1458 ad
1293 1434 1399 1459 mare
1438 1419 1606 1459 inferum

861 1479 961 1516 Luca
979 1474 1067 1523 fuit,
1087 1475 1134 1515 ad
1157 1475 1333 1530 superum
1345 1480 1537 1516 Rauenna.
1558 1476 1608 1516 ad

866 1544 1071 1585 Vtrumque
1107 1535 1237 1583 igitur,
1283 1533 1395 1573 saluis
1443 1532 1606 1583 legibus,

867 1589 1064 1629 Caesarem
1093 1590 1235 1630 vcniffe
1271 1593 1423 1630 constat.
1455 1591 1560 1644 quod
1580 1592 1606 1630 fi

866 1649 958 1687 citra
976 1649 1130 1695 Lucam,
1151 1658 1187 1687 et
1207 1650 1428 1687 Rauennam
1447 1647 1606 1701 aliquod

866 1704 1026 1758 opidum
1074 1706 1154 1744 eius
1203 1708 1424 1758 prouinciae
1462 1704 1608 1745 fuisset:

867 1763 951 1815 quis
971 1759 1134 1809 dubitat,
1146 1765 1242 1814 quin
1263 1777 1309 1801 eo
1329 1773 1512 1802 venturus
1529 1762 1609 1801 fue-

867 1820 931 1865 rit,
953 1827 995 1857 vt
1014 1831 1098 1858 cum
1117 1818 1247 1859 Crass'o
1267 1830 1303 1859 et
1329 1821 1512 1874 Pompeio
1533 1834 1610 1858 ma-

866 1877 978 1914 ximis
1000 1873 1047 1913 de
1076 1877 1189 1915 rebus
1218 1875 1470 1930 loqueretur?
1506 1881 1608 1917 Haec

866 1934 934 1986 qui
952 1932 1131 1982 ambigit,
1163 1931 1278 1981 idem,
1306 1944 1347 1973 vt
1367 1933 1528 1974 meridie
1555 1933 1609 1974 lu-

867 2003 951 2029 cere
970 2000 1095 2038 neget,
1121 1989 1337 2030 adducetur.

929 2045 1061 2099 Venit]
1101 2046 1312 2100 Antequam
1336 2049 1376 2086 in
1397 2047 1610 2087 Sardiniam

870 2101 1183 2158 proficisceretur.
1213 2106 1258 2143 sic
1273 2106 1374 2144 enim
1394 2107 1542 2144 itineris
1553 2118 1610 2143 ra-

870 2163 926 2200 tio
947 2159 1131 2213 postulat;
1159 2172 1260 2214 patet
1271 2163 1384 2201 etiam
1404 2164 1444 2202 in
1456 2161 1611 2214 sequen-

870 2219 983 2257 tibus.

928 2271 992 2313 Ab
1018 2273 1147 2328 eoque]
1204 2275 1323 2313 Cuius
1355 2273 1611 2315 defensionem

870 2345 942 2385 pro
990 2331 1155 2369 Gabinio
1207 2333 1342 2370 Cicero
1388 2330 1490 2372 ferre
1531 2344 1612 2371 n‘on

1117 2385 1242 2426 Infra:
1280 2403 1366 2428 cum
1399 2403 1457 2428 me
1487 2387 1614 2442 dispu-

870 2456 1034 2492 tantem,
1069 2457 1143 2484 non
1172 2442 1402 2500 lacffntem
1440 2443 1614 2501 laestſjbt,

870 2499 1014 2552 exatfi.

930 2559 978 2597 In
996 2554 1197 2608 Sardinia]
1235 2560 1406 2606 Quaero,
1425 2558 1515 2612 quid
1538 2559 1611 2598 hoc

876 2624 1049 2667 tempore
1069 2616 1213 2662 negotii
1243 2627 1390 2664 gereret
1421 2618 1462 2654 in
1492 2615 1614 2655 Sardi-

876 2673 938 2711 nia
959 2674 1012 2719 Q
1030 2672 1177 2710 Cicero.
1202 2684 1250 2709 an
1270 2684 1499 2726 propraetor
1530 2687 1615 2712 eam

876 2730 1057 2778 regebat3
1084 2742 1164 2767 non
1186 2728 1350 2778 videtur,
1375 2743 1499 2784 neque
1526 2744 1617 2768 con-

933 2787 961 2825 F
994 2796 1017 2838 5
1494 2785 1613 2826 senta-
