1863 3172
177 159 261 209 196
316 183 320 186 »

244 264 467 314 Dracbmis]
523 253 798 302 Drachmarum
842 236 955 297 oEto*

187 338 326 376 genera
347 320 468 366 fuere,
497 321 638 364 Attica,
662 316 842 362 Euboica,
868 316 935 353 Ba-

188 380 378 428 bylonica,
424 375 690 420 Corinthiam,
735 373 934 425 Aegyptia,

191 438 418 487 Aeginetica,
447 433 648 479 chraica,
674 431 833 475 Syriaca.
864 427 935 467 Sed

191 498 352 536 Atticam
373 488 560 544 duplicem
579 489 753 535 inuenio,
764 487 936 540 priorem

191 565 312 605 vsque
330 549 378 589 ad
397 545 577 587 Solonem
599 544 853 589 obseruatam,
870 557 937 596 po-

192 610 388 650 steriorem
415 619 438 644 a
468 601 608 643 Solone
632 602 839 645 induciam,
869 601 937 637 mi-

194 680 289 706 nore
316 662 471 717 quidem
491 660 676 715 pondere,
704 657 764 697 sed
787 655 938 701 eodem,

195 735 237 764 vt
255 723 436 768 arbitror,
458 731 622 757 numero
650 718 690 754 in
721 716 835 753 mina.
875 714 940 750 So-

197 783 298 822 lonis
325 780 427 817 enim
453 775 651 814 drachmae
679 772 845 810 leuiores
877 782 942 807 an-

197 839 313 891 tiquis
344 843 451 874 eraut
478 842 611 886 quarta
648 838 754 882 parte
777 825 942 880 ipsarum

197 896 462 947 antiquarum:
490 899 531 929 vt
561 887 768 935 nonaginta
798 882 860 923 sex
879 884 944 921 So-

196 953 300 994 lonis
319 948 519 989 drachmae
537 959 615 984 non
645 942 731 996 plus
745 939 943 995 tponderis

197 1010 407 1053 haberent,
439 1017 552 1057 quam
585 1000 819 1054 septuaginta
848 996 945 1036 duae

200 1066 426 1120 superiores·
455 1057 559 1114 quod
589 1071 634 1097 ex
659 1055 862 1095 Plutarcho
891 1055 946 1093 vi—

204 1124 339 1164 demur
366 1115 469 1174 poffe
502 1116 700 1162 coniicere.
744 1115 799 1152 ait
829 1108 947 1157 enim,

202 1190 352 1221 centum
378 1174 642 1215 drachmarum
671 1185 692 1209 a
713 1167 854 1209 Solone
879 1169 949 1207 mi-

203 1251 290 1278 nam
312 1232 382 1274 effe
401 1231 552 1277 factam,
570 1243 656 1268 cum
671 1239 782 1266 antea
802 1225 946 1278 septua-

205 1298 307 1346 ginta
335 1292 450 1330 trium
479 1285 613 1326 fuisset.
644 1284 783 1338 quibus
816 1283 945 1323 verbis

204 1365 283 1392 nou
297 1347 350 1395 id,
367 1348 521 1401 opinor,
535 1344 726 1392 significat,
746 1341 946 1394 pauciores

207 1413 247 1448 in
274 1407 379 1446 mina
417 1394 611 1441 drachma}
647 1411 735 1438 ante
763 1396 946 1437 Solonem

206 1463 338 1506 fuiffe:
368 1467 472 1508 (nam
489 1457 583 1497 mihi
606 1458 686 1495 non
706 1457 747 1495 fit
767 1454 949 1493 verisimi-

206 1523 266 1570 le,
295 1519 484 1560 variatum
521 1513 594 1554 effe
624 1515 664 1552 in
699 1513 820 1552 Attica
846 1511 950 1550 mina

208 1578 472 1620 drachmarum
490 1585 717 1611 numerum:
744 1568 832 1608 licet
856 1569 950 1607 Fan-

208 1638 295 1678 nius
321 1644 358 1673 et
378 1629 598 1675 Priscianus,
619 1630 719 1666 inter
738 1625 774 1665 se
791 1638 951 1679 quoque

210 1691 446 1735 diffidentes,
483 1684 548 1725 ille
576 1684 809 1738 septuaginta
840 1683 951 1735 quin-

211 1764 300 1806 que,
341 1748 404 1786 hic
440 1743 657 1792 oeiuaginta
686 1741 952 1780 drachmarum

210 1809 353 1849 minam
376 1801 617 1845 constituant)
646 1798 707 1837 sed
730 1795 840 1844 illud,
870 1810 953 1834 cen-

212 1878 294 1906 tum
315 1860 522 1904 drachmas,
543 1870 564 1895 a
584 1853 724 1895 Solone
755 1850 955 1908 percuffas,

216 1936 296 1962 non
317 1917 402 1974 pius
427 1912 595 1955 habuisse
614 1911 807 1967 ponderis,
839 1923 954 1962 quam

215 1977 449 2032 septuaginta
498 1972 669 2024 quinque
713 1968 954 2022 superiorum

214 2045 443 2087 temporum.
477 2027 582 2082 quod
606 2025 708 2066 idem
731 2034 824 2072 erat,
857 2024 880 2063 fi
903 2022 957 2062 di-

218 2090 337 2137 xisset,
366 2102 386 2128 e
417 2086 681 2125 drachmarum
722 2081 955 2137 septuaginta

218 2151 389 2203 quinque
426 2153 600 2183 veterum
629 2139 801 2195 pondere
834 2151 956 2177 nouas

216 2214 365 2245 centum
387 2215 408 2241 a
434 2197 576 2239 Solone
595 2195 726 2237 faeiat.
809 2197 853 2234 In
875 2208 953 2248 quo

210 2260 306 2303 illud
318 2271 456 2314 operae
469 2257 634 2310 pretium
645 2255 698 2294 est
718 2250 956 2292 animaduer-

215 2323 266 2364 εἰς
296 2330 380 2355 cum
404 2314 564 2353 dicimus
584 2313 624 2350 in
643 2312 746 2350 mina
759 2305 954 2349 drachmas

216 2386 369 2414 centum
400 2369 532 2416 fuisse,
575 2369 769 2406 drachmas
797 2365 953 2419 quidem

215 2442 366 2472 centum
386 2440 547 2466 numero
556 2426 768 2473 figniiicari,
787 2422 847 2462 sed
859 2436 953 2476 pon·

215 2489 304 2528 dere
331 2495 476 2525 tantum
507 2483 713 2530 nonaginta
743 2480 825 2525 scx3
867 2494 951 2518 cum

212 2549 252 2584 in
274 2556 322 2582 eo
353 2539 522 2595 pondere
551 2549 701 2577 centum
730 2536 951 2584 ferirentur,

211 2610 395 2655 quattuor
421 2595 634 2652 centesimas
663 2592 834 2634 lucrante
867 2592 949 2632 offi-

211 2662 305 2698 cina.
333 2656 387 2694 ita
417 2652 651 2705 septuaginta
680 2651 778 2689 duae
808 2650 952 2704 ponde·

207 2730 263 2763 re,
280 2723 442 2753 numero
462 2721 573 2747 erunt
591 2707 822 2760 septuaginta
841 2709 952 2759 quin-

209 2785 306 2825 que3
355 2778 392 2807 et
419 2765 668 2819 quadraginta
700 2766 811 2810 ocio,
843 2765 951 2816 quin-

210 2828 412 2881 quaginta:
441 2834 480 2861 et
500 2822 635 2870 viginti
666 2830 860 2872 quattuor,
893 2821 948 2859 vi·

401 145 629 194 PAVLLI
666 140 900 188 M'Anv‘r
914 146 960 184 11
996 129 1506 184 Co'tvfflENTAmvs'

990 257 1087 307 giuti
1125 257 1317 309 quinque:
1372 269 1457 294 tum
1519 253 1738 298 drachmam

991 327 1105 354 vnam
1137 315 1178 351 in
1207 313 1343 360 viginti
1377 314 1548 365 quinque
1576 311 1737 350 ‘officina

991 370 1160 410 lucretur
1178 386 1186 407 :
1227 382 1327 420 quae
1344 366 1430 407 sunt
1451 371 1549 408 duae
1567 370 1606 407 in
1627 370 1737 421 quin-

993 430 1195 481 quaginta,
1235 436 1272 463 et
1308 435 1383 463 tres
1423 427 1463 464 in
1503 425 1737 478 septuaginta

993 487 1179 538 quinque,
1214 484 1466 537 etquattuor
1493 486 1533 520 in
1563 494 1738 522 centum:

994 556 1086 596 quas
1108 539 1224 580 modo
1237 539 1450 577 centeiimas
1478 552 1659 591 quattuor
1675 544 1741 591 aps

996 598 1149 653 peilaui.
1204 598 1261 635 Dc·
1289 596 1361 634 hoc
1380 595 1590 647 posteriore
1609 595 1740 634 drach-

998 669 1143 694 marum
1176 667 1325 702 gnere,
1347 666 1367 689 a
1397 649 1538 690 Soione
1565 655 1740 700 inducto,

997 712 1171 765 loquitur
1192 712 1323 748 Liuius
1343 709 1409 747 lib.
1429 720 1494 762 34.
1515 723 1544 747 c.
1560 721 1624 762 52.
1655 723 1741 750 cum

997 771 1064 816 ait,
1085 771 1127 807 in
1154 766 1432 806 tetradrachmo
1456 768 1635 805 denarios
1659 765 1742 806 fere

998 837 1073 866 tres
1096 823 1225 870 inesse,
1247 837 1290 863 ex
1319 837 1396 876 quo
1424 824 1479 870 fit,
1503 834 1557 869 vt,
1586 837 1671 862 cum
1700 825 1744 862 in

1000 884 1103 923 mina
1113 882 1184 919 suit
1196 880 1467 919 tetradrachma
1479 881 1615 929 viginti
1635 881 1743 933 quin-

1001 954 1077 993 que
1105 951 1282 982 numero-¹
1310 936 1481 991 poudere
1521 946 1649 977 autem
1684 938 1742 977 vi·

999 997 1098 1047 ginti
1129 1005 1331 1047 quattuor,
1366 992 1407 1032 id
1435 994 1506 1041 est,
1544 993 1744 1034 drachmae

1002 1065 1152 1093 centum
1189 1063 1375 1098 numero,
1412 1049 1585 1105 pondere
1614 1064 1743 1091 autem

1003 1111 1212 1158 nonaginta
1234 1106 1308 1155 sex,
1328 1109 1368 1146 in
1390 1107 1519 1147 eadem
1549 1111 1652 1148 mina
1675 1111 1746 1149 sint

1006 1167 1153 1206 denarii
1173 1177 1229 1204 ter
1247 1166 1384 1216 viginti
1415 1167 1586 1220 quinque
1613 1180 1744 1206 nume-

1004 1239 1074 1272 ro,
1099 1222 1271 1278 pondere
1305 1233 1432 1261 autem
1467 1223 1604 1272 viginti
1637 1234 1746 1276 quat·

1004 1294 1115 1328 tuor,
1141 1280 1181 1320 id
1217 1281 1281 1325 est,
1311 1278 1545 1334 septuaginta
1574 1283 1747 1334 quinque

1003 1352 1179 1384 numero,
1202 1336 1374 1391 pondere
1395 1336 1627 1391 septuaginta
1654 1338 1746 1379 duo.

1003 1399 1086 1436 Nec
1100 1409 1208 1439 vero,
1219 1395 1308 1447 quia
1318 1394 1451 1433 Liuius
1474 1394 1746 1448 addidit,fire‚

1004 1463 1207 1507 propterea
1234 1453 1436 1504 quisquam
1459 1450 1616 1491 dubitet.
1643 1466 1747 1502 nam,

1005 1524 1090 1549 cum
1105 1520 1282 1547 monetae
1293 1507 1442 1562 pondus
1464 1507 1633 1562 paullum
1653 1524 1749 1550 non-

1005 1579 1212 1619 numquam
1234 1576 1270 1604 et
1289 1565 1390 1618 apud
1411 1568 1587 1608 Graecos,
1600 1578 1637 1605 et
1647 1568 1750 1621 apud

1007 1626 1201 1663 Romanos
1223 1623 1400 1661 imminui
1428 1639 1506 1661 non
1536 1626 1748 1674 ignoraret,

1005 1680 1108 1727 ideo,
1118 1682 1276 1732 veritus,
1288 1693 1336 1718 ne
1349 1679 1503 1732 quando
1520 1677 1762 1722 ten-adrach-'

1006 1752 1127 1784 mum,
1157 1747 1194 1776 et
1224 1736 1372 1775 denarii
1405 1749 1479 1776 tres
1507 1739 1745 1781 officinarum

1007 1793 1141 1836 fraude
1170 1796 1297 1833 minae
1325 1807 1593 1847 aequarentur,
1624 1797 1670 1836 de
1694 1800 1750 1837 in-

1009 1864 1108 1892 certa
1147 1865 1190 1890 re
1228 1852 1295 1890 fibi
1329 1849 1441 1905 plane
1481 1852 1748 1896 affirmandum

1009 1912 1093 1950 iure
1124 1923 1205 1948 non
1224 1911 1387 1962 putauit.
1442 1912 1539 1949 Cum
1571 1913 1684 1959 igitur
1715 1925 1751 1954 ct

1009 1966 1188 2006 denarius
1210 1977 1246 2006 et
1266 1967 1423 2018 antiqua
1443 1965 1616 2006 drachma
1629 1983 1749 2022 aeque

1012 2023 1190 2077 superent
1256 2021 1475 2062 Soloninam
1530 2026 1747 2066 drachnmm

1009 2091 1143 2134 quarta
1163 2080 1361 2133 Vtriusque
1381 2093 1501 2134 parte,
1522 2084 1631 2121 tertia
1654 2097 1748 2124 vero

1011 2137 1239 2181 Soloninae3
1254 2148 1368 2190 patet,
1389 2137 1557 2177 eiusdem
1572 2139 1644 2179 effe
1654 2153 1750 2193 pcn-

1012 2194 1112 2234 deris
1130 2193 1329 2233 denarium
1349 2205 1385 2232 et
1405 2196 1598 2248 antiquam
1621 2196 1753 2237 drach-

1010 2265 1133 2296 ma1n5
1162 2262 1199 2290 et
1230 2264 1274 2289 ex
1303 2264 1350 2290 eo
1386 2249 1505 2304 sequi,
1537 2266 1578 2292 vt
1609 2253 1750 2308 septem

1008 2310 1188 2362 antiquae
1226 2306 1424 2347 drachmae
1460 2311 1501 2347 in
1530 2312 1641 2349 vncia
1676 2315 1750 2351 iio-

1009 2379 1120 2404 mana
1138 2365 1336 2412 feriantur,
1357 2378 1478 2419 acque
1508 2380 1550 2405 ac
1577 2367 1747 2410 denarii:

1006 2425 1048 2462 in
1071 2423 1179 2462 vncia
1200 2435 1294 2461 vero
1321 2424 1443 2462 Attica
1469 2423 1618 2463 denarii
1642 2427 1748 2474 οᾶο,

1005 2493 1128 2532 aeque
1146 2493 1188 2518 ac
1209 2478 1418 2518 drachmae.
1464 2480 1546 2527 Sed,
1562 2483 1746 2534 quoniam

1002 2535 1144 2584 Solon,
1167 2550 1253 2575 cum
1272 2535 1470 2575 drachmae
1499 2537 1648 2591 pondus
1679 2540 1750 2578 mi·

1006 2594 1103 2639 nuit,
1122 2592 1162 2632 id
1180 2594 1342 2631 maxime
1364 2592 1507 2632 secutus
1528 2596 1589 2642 est,
1618 2606 1658 2634 vt
1682 2594 1749 2635 dc²

1005 2651 1150 2689 bitores
1161 2664 1281 2689 onere
1302 2649 1522 2690 ieuarentur
1542 2653 1639 2690 aeris
1657 2650 1747 2691 alie—

1006 2708 1066 2752 ni3
1098 2719 1300 2760 propterea
1321 2706 1518 2746 drachmae
1540 2706 1690 2761 pondus
1701 2710 1743 2748 in

1004 2774 1158 2803 moneta
1188 2763 1381 2803 dumtaxat
1407 2766 1665 2812 imminutum,
1700 2767 1743 2804 in

1004 2819 1201 2859 medicinis
1225 2832 1351 2861 autem
1375 2821 1527 2861 videtur
1554 2821 1654 2860 idem
1684 2835 1744 2860 re-

1561 2876 1742 2928 mansisse,
