1863 3172
246 82 317 126 ΙΝ
342 82 459 124 CIC.
483 83 674 126 EPIST.
700 84 834 125 FAM.
861 83 971 127 LIB.
991 86 1094 127 vm.
1125 88 1316 130 EPIsT.
1338 91 1403 131 XI.

50 196 435 249 ratfitpplicationes.
494 200 537 237 Et
559 199 600 237 in
629 201 788 238 Verrem

51 252 147 293 dixit
165 255 313 303 Cicero,
336 252 519 309 decrrffct.

107 312 194 350 Hac
213 311 272 360 re]
354 312 470 360 Quod
498 309 789 365 supplicationes

52 366 313 407 decernerent.
489 388 499 401 ’-

108 435 175 477 Ad
208 436 500 489 interceffionem
545 437 790 491 euocandum]

50 497 102 533 Vt
129 495 361 541 Curionem,
395 497 642 548 optimatibus
671 495 794 534 infen-

42 548 147 597 sum,
174 550 220 589 ad
243 552 483 590 intercedend
506 568 551 592 -m
570 552 761 592 elicerent.

110 607 476 663 Interpellantibus]
560 611 706 649 Crebro
738 611 795 648 in-

53 664 248 711 stantibus,
273 675 312 705 vt
353 664 643 719 supplicationes
673 665 795 705 decer·

53 732 247 761 nerentur.

113 790 387 847 Venrsttffime]
433 790 702 839 Pulcherrime,
731 791 797 831 du-

56 848 159 887 &um
180 854 382 895 a,Venere‚
396 850 454 887 cui
475 847 796 902 pulchritudinem

54 902 206 945 fabulae
229 917 425 960 poetarum
448 908 635 946 tribuunt.

111 977 158 1017 In
177 990 292 1017 onam
313 973 472 1029 cauffizm
498 979 618 1016 omnis
648 987 797 1016 conten·

19 1067 36 1081 2
58 1033 114 1073 tio
143 1032 307 1073 conia-Hae
336 1035 383 1087 ψ
411 1031 461 1072 de
484 1035 695 1085 prouinciis
706 1050 719 1071 .·
755 1037 798 1073 in

58 1102 175 1146 quam
203 1090 324 1130 culhem·
353 1088 551 1144 incubuiffe
585 1101 609 1128 E
627 1101 714 1129 RN.
754 1093 798 1129 ln

58 1160 177 1186 vnum
192 1143 353 1202 cmgffiaem
374 1148 494 1185 omnis
515 1148 701 1186 contentio
716 1160 799 1185 con-

57 1201 158 1242 ieHa
176 1203 227 1257 est
240 1220 253 1241 .·
279 1202 326 1243 de
332 1205 543 1255 prouinciis
562 1204 718 1258 inquam
734 1204 798 1242 ad·

60 1258 131 1300 huc
159 1261 222 1313 est.
246 1257 471 1311 incubuisti]

60 1316 152 1357 bum
174 1317 238 1372 ‘ss’
255 1330 301 1355 ex
321 1317 486 1368 antiquis
515 1314 639 1363 libris,
664 1329 800 1369 appro-

55 1374 172 1414 bante
193 1373 384 1414 sententia.
423 1371 558 1418 adhuc,
585 1375 724 1427 inquit,
751 1373 798 1413 de

57 1432 270 1487 prouinciis
300 1430 495 1469 contentio
517 1430 578 1469 est.

115 1486 175 1529 Id.
191 1488 292 1527 Nou.
309 1497 421 1525 ERN.
450 1488 555 1525 Ante
576 1483 668 1525 Idus
684 1484 802 1535 Nom]

58 1546 155 1584 Ante
176 1555 322 1597 tempus
347 1545 383 1584 ei
405 1542 534 1582 decem
554 1542 804 1583 tribunorum

61 1599 144 1653 lege
165 1598 389 1641 coneess‘um.

122 1671 276 1725 Nostrt]
308 1673 533 1725 Optimates.

117 1730 215 1770 Bene
239 1727 350 1783 nofii]
401 1725 644 1769 imbecillitas
672 1739 807 1767 eorum

65 1783 304 1836 fignificatur.

123 1844 240 1885 Scena
259 1843 319 1882 rei
340 1841 477 1894 totius]
513 1843 560 1881 In
586 1838 692 1880 scena
719 1838 809 1878 dan·

66 1909 130 1941 tur
150 1897 312 1938 fabulae.
370 1897 525 1937 Coelius
546 1895 738 1938 transtulit
761 1896 808 1935 ad

67 1957 373 2006 significationem
394 1969 523 1995 rerum
553 1956 741 2002 omnium,
763 1951 810 1994 de

69 2014 208 2068 quibus
228 2013 424 2066 contentio
454 2009 562 2051 effet:
597 2021 652 2057 vt,
681 2023 811 2062 quem-

69 2070 274 2110 admodum
307 2068 410 2111 scena
436 2066 604 2116 fabulas,
639 2068 730 2108 item
757 2065 810 2114 id,

71 2126 176 2184 quod
197 2128 366 2167 dicturus
386 2125 589 2176 est‚omnia
607 2125 810 2165 contineat.

128 2185 242 2241 Quod
258 2183 321 2223 illi
344 2195 503 2236 aequum
529 2183 657 2234 putet]
741 2182 813 2220 Ae-

72 2253 191 2293 quum
231 2240 400 2296 putabat,
435 2237 581 2280 senatui
615 2236 718 2276 dieto
746 2250 811 2276 au-

74 2297 241 2337 dientem
262 2300 276 2334 (
295 2295 458 2337 aesarem
479 2293 562 2335 esse.
600 2293 647 2333 de
666 2307 743 2347 quo
765 2295 810 2332 fic

73 2356 176 2408 epist.
188 2367 226 2411 4.
265 2356 310 2394 In
338 2351 568 2403 dfiutandr»
591 2352 749 2409 conieci-t
766 2351 812 2390 il-

75 2412 158 2453 lam
188 2424 312 2450 vocem
351 2411 414 2450 Cn.
444 2408 662 2458 Pompeius,
689 2420 814 2447 omncs

78 2477 250 2520 oportere
283 2466 441 2520 senatui
479 2463 580 2506 dieto
617 2461 815 2502 audientes

43 2564 49 2570 ,
77 2521 153 2576 effi,
179 2522 320 2564 Eodem
341 2522 478 2577 speeiat
498 2518 591 2560 illud
603 2516 642 2560 in
654 2520 757 2575 epist.
777 2524 814 2565 8.

78 2572 213 2627 Dixit,
239 2579 304 2619 hoc
333 2579 433 2619 mhil
459 2572 646 2630 interqffi’,
683 2586 817 2615 vtrum

79 2637 220 2690 Caesar
231 2634 386 2688 senatui
414 2631 515 2675 dina
535 2632 691 2672 audoens
702 2631 819 2684 futu-

80 2707 145 2733 rm
167 2706 239 2733 nou
273 2689 370 2746 effi’t,
399 2705 450 2730 an
474 2686 653 2744 pararet,
677 2689 742 2744 qui
761 2685 822 2739 se·-

82 2760 218 2792 muum
261 2749 462 2792 decernere
500 2759 575 2789 mn
606 2754 822 2801 patcretmss.

556 1259 695 1298 Addidi
716 1273 809 1298 ver-·

1505 96 1584 145 585

846 198 975 250 Specie
1008 199 1124 247 igitur
1154 200 1363 254 probabilis
1402 211 1439 242 et
1467 217 1586 255 aequa

847 265 927 294 erat
955 257 1054 294 aetio
1092 260 1282 312 Pompeii:
1322 259 1382 298 sed
1412 261 1587 312 iniquum

847 322 976 350 contra
1016 312 1228 362 videbatur,
1268 315 1401 369 populi
1448 318 1588 356 benefi-

848 370 960 414 cium,
990 368 1138 409 Caesari
1170 371 1249 421 lege
1287 374 1484 419 tributum,
1512 374 1587 413 sine

850 423 967 463 caussa
994 427 1111 479 eripi:
1150 429 1254 481 quod
1283 439 1406 468 tamen
1439 429 1586 469 senatus

849 480 1028 528 decreuit,
1063 486 1232 538 Pompeii
1261 488 1418 539 eiusque
1450 489 1588 526 amico-

848 550 932 577 rum
957 537 1091 578 studio.

909 609 1102 659 Consulem
1124 599 1320 663 sle—’fig'nari
1334 613 1462 666 prim]
1474 614 1589 663 Quod

850 665 986 706 Caesar
1006 667 1216 714 cogitabat:
1247 666 1410 720 ideoque
1433 669 1521 708 ferri
1542 670 1592 710 lc·

852 737 936 773 gem
957 737 977 761 a
1000 720 1127 760 decem
1152 724 1315 762 tribunis
1329 723 1448 777 plebis
1463 727 1590 767 volue-

853 790 922 828 rat,
955 790 996 817 vt
1028 781 1109 818 eius
1142 778 1302 827 absentis
1338 783 1377 819 in
1408 786 1593 836 petitione

854 834 1066 877 consulatus
1091 837 1190 875 ratio
1219 836 1434 878 haberetur.

910 907 1223 958 Accipitursatis
1242 906 1359 960 male]
1390 911 1595 950 Contume-

856 962 948 1003 liose
973 973 1008 1001 et
1029 964 1162 1002 acerbe
1195 965 1387 1005 tractatur.

909 1020 1099 1060 Secundus
1130 1020 1364 1075 consulatus]
1451 1024 1494 1060 In
1515 1036 1595 1075 quo

854 1078 1053 1129 Pompeius
1098 1077 1237 1115 iterum
1270 1076 1398 1116 consul
1440 1093 1596 1132 operam

856 1133 1024 1180 dederat,
1053 1135 1262 1185 auGtorque
1282 1133 1416 1182 fuerat,
1437 1147 1477 1175 vt
1495 1138 1597 1176 Tre-

854 1192 993 1230 bonius
1025 1190 1200 1228 tribunus
1233 1189 1353 1243 plebis
1384 1190 1430 1231 de
1460 1190 1599 1232 Gallia-

854 1261 939 1287 rum
974 1247 1136 1299 imperio
1176 1246 1326 1286 Caesari
1360 1249 1400 1286 in
1435 1248 1597 1290 alterum

856 1305 1160 1356 quinquennium
1198 1305 1444 1356 prorogando
1477 1305 1597 1355 legem

855 1360 983 1400 ferret.
1004 1359 1108 1412 quod
1125 1360 1352 1400 beneficium
1373 1376 1473 1400 nunc
1495 1363 1597 1402 idem

858 1419 1057 1470 Pompeius
1081 1417 1291 1456 conabatur
1314 1419 1483 1471 eripere,
1515 1433 1600 1459 cum

859 1488 946 1514 eum
972 1485 1059 1513 ante
1098 1473 1182 1512 idus
1211 1476 1315 1515 Nou.
1351 1474 1465 1516 vellet
1496 1475 1601 1517 dece-

860 1530 963 1571 dere,
1584 1554 1597 1573 a

918 1601 1179 1653 Exagitatur]
1209 1601 1524 1654 Reprehenditur.
1556 1603 1603 1645 fic

862 1657 928 1699 lib.
954 1669 987 1698 1.
1009 1658 1111 1709 epist.
1132 1671 1161 1696 ι.
1222 1659 1268 1697 In
1286 1658 1400 1698 rebus
1414 1660 1545 1711 palam
1578 1675 1605 1701 a

861 1713 1123 1766 confidaribus
1143 1716 1369 1770 exagitatis,
1389 1726 1428 1755 et
1447 1715 1607 1768 insum·

864 1786 966 1812 mam
988 1769 1180 1811 inuidiam
1203 1769 1392 1812 adductis.

917 1842 1058 1891 Caesar
1074 1839 1323 1894 defendetur]
1379 1842 1436 1881 Ab
1455 1841 1606 1882 amicis:

867 1913 916 1939 ne
951 1908 1107 1947 cogatur
1145 1908 1232 1938 ante
1260 1897 1469 1947 legitimam
1506 1897 1607 1939 diem

867 1954 1060 1996 decedere.

920 2024 1169 2077 Sententiam]
1201 2026 1257 2065 De
1275 2025 1499 2079 prouinciis.

921 2094 1117 2137 Ludorum
1137 2095 1384 2150 explosiones]
1415 2097 1522 2146 Qos
1543 2108 1611 2149 po-

866 2152 977 2210 pulus
1006 2151 1152 2199 oderat,
1175 2165 1239 2191 eos
1260 2151 1307 2192 ad
1326 2151 1507 2192 ludorum
1531 2151 1610 2205 spe-

868 2208 1010 2251 &acula
1037 2208 1255 2249 accedentes
1293 2207 1523 2249 excludebat.
1564 2207 1612 2248 de

868 2269 916 2307 iis
938 2268 978 2305 in
999 2267 1270 2306 commentario
1291 2264 1484 2320 scripserat
1515 2266 1613 2304 Coe·

870 2323 963 2365 lius:
994 2332 1190 2377 praeterea
1213 2320 1260 2360 de
1279 2322 1492 2368 funeribus,
1513 2320 1616 2361 etle-

870 2382 932 2420 via
953 2377 1150 2432 quaedam,
1172 2392 1264 2435 quas
1280 2378 1359 2436 ipse
1377 2379 1538 2436 ineptias
1559 2378 1614 2418 fa-

872 2447 973 2480 tetur
997 2435 1081 2476 esse.

928 2507 992 2548 De
1001 2507 1170 2548 Sittiano
1188 2504 1354 2561 negotio]
1394 2507 1451 2544 De
1469 2502 1617 2556 syngra-

871 2564 945 2621 pha
964 2564 1133 2605 Sittiana.
1152 2564 1255 2616 epist.
1267 2574 1303 2604 2.
1313 2574 1352 2615 4.
1368 2567 1404 2610 8.
1416 2573 1455 2615 9.

929 2633 1019 2687 Eos]
1049 2636 1081 2674 A
1102 2634 1239 2686 quibus
1251 2631 1434 2682 exigenda
1454 2636 1615 2686 pecunia

876 2692 938 2733 est.
966 2703 1054 2732 nam
1086 2688 1293 2744 syngrapha
1322 2691 1478 2731 Sittiana
1501 2689 1616 2731 facul-

878 2758 994 2792 tatem
1015 2747 1127 2788 dabat
1147 2745 1351 2798 exigendae
1374 2748 1568 2803 pecuniae.

937 2805 1005 2846 00
1035 2814 1060 2858 5
1507 2804 1622 2849 Tam-
