1863 3172
246 81 325 126 128

239 197 316 234 iam
325 203 417 246 prae
426 187 473 229 Tse
490 185 580 228 tulit
590 184 797 225 modestiae
813 182 988 238 speciem,

242 265 330 291 cum
348 247 562 288 subiunxit:
591 257 682 297 quos
701 240 877 281 arbitror
889 243 985 281 Len-

241 308 325 349 tulo
343 317 410 346 tuo
421 303 510 354 fore
527 313 599 339 non
611 299 782 338 inutiles.
797 299 986 346 arbitror,

240 364 390 416 inquit:
411 357 516 412 quod
538 355 688 395 fidentis
712 369 793 393 non
807 353 983 394 videtur:

240 421 343 460 abest
384 418 487 456 enim
547 412 762 452 affirmatio.
820 412 987 451 Lentulo

238 490 329 518 tuo.-
359 465 613 519 adolescenti,
643 483 731 514 non,
753 469 853 509 viro.
899 482 986 507 nam

239 530 428 574 facultatis
448 531 490 569 in
513 542 560 567 eo
573 525 658 580 plus
680 526 904 577 requiritur,
918 527 986 577 qui

238 592 334 631 viris
361 587 512 642 placere
542 581 647 622 velit.
687 595 760 620 non
802 582 961 620 inutiles
973 597 987 619 .-

240 657 279 687 et
296 647 359 685 hic
379 644 603 697 opinionem
620 640 713 676 vitat
732 639 983 685 arrogantiae.

236 717 327 744 nam
358 703 406 750 fi,
428 699 557 743 vtiles,
579 694 748 737 dixiffet3
787 694 984 746 promiffio

236 762 364 801 maior
385 766 478 796 erat.
506 757 610 792 Haec
622 752 750 789 omnia
762 748 984 788 modestiam

237 815 441 858 declarant.
483 821 520 849 et
544 807 653 854 ill‘ud,
675 805 986 862 quemadmodum

237 871 390 932 quidem
410 868 540 916 volui;
583 863 685 904 valet
703 863 797 901 hoc:
839 876 889 900 an
918 864 984 901 sim

235 929 433 973 assecutus,
476 925 638 972 ignoro:
683 917 792 972 volui
824 918 982 972 quidem

237 997 351 1029 certe.
411 985 629 1025 Praeterea,
670 976 884 1015 doetrinam
918 976 981 1015 hic

236 1046 380 1099 potiuS,
402 1049 439 1078 et
455 1050 613 1076 acumen
625 1031 850 1080 Aristotelis,
862 1047 979 1086 quam

234 1097 425 1143 scribe-*di
446 1107 576 1144 geum,
605 1090 779 1136 indicari,
810 1091 860 1129 ob
894 1104 978 1128 eam

237 1156 397 1199 cauffam
417 1153 598 1195 arbitror,
631 1146 736 1200 quod
755 1148 796 1184 in
817 1146 979 1186 scriben-

235 1218 276 1256 di
296 1224 433 1264 genere
451 1207 660 1251 Platonem,
676 1208 724 1243 'et
744 1204 977 1256 Xenophon-

235 1285 325 1318 tem,
358 1278 523 1321 quorum
565 1260 723 1310 dialogis
764 1259 975 1300 Aristotelis

235 1327 405 1375 dialogos
429 1335 546 1361 nemo
567 1318 740 1358 conferre
769 1316 878 1356 ausus
908 1320 971 1366 est,

232 1397 298 1427 aut
324 1381 436 1428 solos,
457 1389 522 1417 aut
541 1391 626 1416 cum
641 1374 723 1428 ipso
741 1373 869 1414 saltem
889 1377 973 1414 Ari-

232 1440 364 1485 stotele
386 1433 622 1477 nominass'et.
681 1433 744 1470 Sin
764 1431 812 1470 ad
833 1431 973 1472 doftri-

232 1489 320 1540 uam
339 1493 458 1541 simul,
490 1502 527 1531 et
548 1488 735 1529 scribendi
771 1503 888 1538 genus
919 1503 976 1527 re-

232 1553 386 1612 spexiffe
415 1553 641 1591 Ciceronem
679 1545 815 1598 aliquis
855 1545 971 1584 dicat:

234 1629 313 1655 non
357 1611 460 1652 orius
495 1607 568 1644 hoc
603 1603 698 1642 mihi
737 1602 973 1656 persuaserit,

232 1653 369 1726 quam:
389 1665 567 1717 scriptum
596 1659 668 1700 effe
697 1661 744 1699 ab
773 1658 972 1699 Aristotele

232 1730 280 1768 de
317 1735 471 1765 oratore
517 1718 723 1767 dialogum,
755 1716 970 1756 ostenderit.

231 1798 351 1827 vnum
368 1792 493 1819 autem
511 1779 590 1815 eius
614 1773 815 1824 dialogum'
829 1773 877 1813 de
894 1776 973 1812 ani-

230 1857 310 1889 mo,
339 1836 548 1878 Eudemum
585 1831 826 1884 inscriptum,
864 1845 971 1884 prae-

229 1911 332 1940 terea
353 1893 515 1938 nullum,
537 1888 643 1943 quod
669 1888 847 1941 equidem
872 1887 970 1937 lege·

228 1960 316 2001 rim,
341 1962 488 1992 veteres
517 1948 726 1986 nominant.
813 1946 967 1984 Bafilius

227 2010 384 2067 quidem
403 2004 644 2054 dialogorum
665 2000 876 2041 Aristotelis
900 2017 968 2041 no-

227 2072 332 2111 mina
367 2079 448 2105 non
476 2064 611 2115 ponit:
640 2059 700 2098 sed
720 2073 806 2098 eum
835 2061 912 2107 ait,
934 2071 969 2098 et

224 2122 551 2177 Theophrastum,
572 2132 656 2156 cum
681 2115 850 2165 dialogos
870 2131 968 2155 com·

226 2196 371 2238 ponere
410 2176 526 2218 essent
559 2174 734 2224 aggi-effi,
763 2174 963 2229 deterritos

225 2240 418 2280 venustate
437 2232 602 2273 Platonis
623 2231 670 2270 ad
690 2230 803 2269 aliam
824 2229 860 2269 se
881 2229 966 2270 scri-

224 2295 343 2338 bendi
366 2294 556 2332 rationem
577 2287 787 2327 contuljss'e.

286 2352 406 2393 Abho,
420 2359 505 2387 rent
533 2348 630 2385 enim
658 2361 682 2384 a
710 2345 965 2386 communibus·

219 2407 450 2466 praeceptis]
501 2408 699 2451 Quaenam
729 2412 836 2441 erant
863 2416 963 2440 com-

224 2467 356 2508 munia
379 2463 597 2516 praecepta?
625 2474 667 2499 ea
689 2457 835 2504 scilicet,
863 2473 961 2512 quae

222 2524 289 2564 lib.
308 2535 339 2564 1.
359 2520 405 2559 de
437 2521 542 2556 Orat.
573 2531 602 2555 c.
617 2527 680 2567 31.
717 2526 962 2569 exponuntur

224 2595 270 2621 ex
294 2577 453 2633 persona
475 2574 602 2614 Crassi.
687 2573 779 2612 Non
801 2573 959 2628 negabo,

222 2637 364 2691 inquit,
375 2648 431 2673 me
449 2631 521 2685 ista
540 2632 707 2670 omnium
729 2632 956 2678 communia,
1004 2627 1290 2683 studiosqffimus
1334 2629 1486 2682 quisque
1531 2628 1632 2678 apud
1671 2639 1801 2676 eumg-
1854 2631 1857 2663 ζ

421 73 681 127 ⁴l’AVLLI
728 71 1019 112 MANVTII
1052 70 1575 117 COMMENTARIVS

1042 197 1127 224 cere
1146 185 1201 223 ad
1210 186 1516 236 perfitadendum
1537 187 1792 230 accommoda-

1041 252 1102 281 te.-
1130 239 1280 288 deinde,
1308 241 1370 297 eJJE·
1397 258 1544 284 omnem
1569 246 1793 286 'orationem

1041 308 1112 337 aut
1136 298 1182 336 de
1201 298 1376 350 infinitae
1404 303 1464 340 rei
1482 302 1710 356 quaestione,
1727 301 1792 356 si·

1044 369 1091 393 ne
1142 352 1399 410 defignatione
1440 359 1617 409 peJfinar
1625 372 1690 398 um
1739 369 1789 398 ἐἰ

1043 422 1276 463 temporum5
1298 422 1370 450 aut
1386 411 1434 452 de
1451 428 1495 460 νε,
1515 415 1630 454 certis
1649 417 1691 454 in
1703 424 1789 467 per-

1031 469 1153 518 sonis,
1173 481 1219 506 oc
1237 467 1470 519 temporibus
1485 470 1625 509 locata.
1683 474 1786 510 Haec

1044 526 1161 573 igitur
1185 525 1321 562 Cicero
1346 525 1388 562 in
1411 521 1458 563 iis
1479 523 1588 565 libris
1605 525 1690 566 'non
1711 526 1789 567 effe

1042 576 1095 619 ad'
1108 581 1206 619 bene
1225 579 1426 619 dicendum
1447 580 1558 620 valde
1581 582 1784 623 necess'aria

1043 639 1264 676 confirmat:
1297 648 1335 676 et
1357 638 1629 690 praestantiora
1669 653 1783 693 quae·

1043 694 1128 733 dam
1151 694 1274 741 docet,
1301 696 1473 747 partibus
1491 697 1547 734 ita'
1576 693 1785 738 distributis

1039 751 1141 789 inter
1177 753 1400 798 Antonium,
1429 763 1466 791 et
1505 750 1700 797 Crass'um3
1741 763 1784 793 vt

1039 805 1105 844 ille
1131 806 1196 846 lib.
1209 820 1248 848 2.
1267 806 1312 846 de
1333 810 1491 848 materia
1514 807 1700 855 orator-iu
1720 809 1784 849 hic

1039 862 1104 902 lib.
1123 875 1157 915 3.
1187 862 1233 901 de
1260 865 1424 903 ornandi
1457 861 1785 918 rationeg'differe-

1038 931 1109 959 ret.
1165 921 1237 958 His
1257 918 1392 959 *autem
1416 919 1525 961 libris
1557 922 1781 977 nihil‘poffe

1037 978 1121 1015 fieri
1142 975 1364 1025 elegantius,
1391 988 1457 1017 aut
1485 981 1599 1018 etiam,
1628 980 1778 1028 Vtilius,

1037 1036 1219 1073 conuenit
1251 1035 1354 1075 inter
1381 1035 1556 1075 homines
1592 1036 1779 1084 eruditos,

1038 1101 1152 1143 atque
1175 1089 1256 1143 ipse
1281 1093 1431 1139 Cicero,
1454 1095 1499 1131 de
1522 1095 1568 1143 iis
1585 1093 1676 1145 quid
1697 1092 1777 1133 sen-

1037 1150 1140 1194 tiret,
1191 1148 1355 1187 ostendit
1398 1148 1462 1189 lib.
1494 1162 1559 1203 13.
1586 1150 1634 1189 ad
1664 1152 1774 1190 Attic.

1035 1206 1138 1257 epist.
1161 1215 1222 1257 19.
1260 1205 1376 1252 Sunt,
1405 1208 1555 1259 inquit,
1582 1212 1701 1246 etiam
1728 1209 1776 1247 de

1032 1273 1186 1301 oratore
1204 1261 1324 1317 nostri
1341 1273 1434 1310 tres,
1461 1263 1556 1304 mihi
1586 1263 1783 1305 vehemen-'

1030 1329 1093 1358 ter
1114 1317 1279 1370 probati.

1082 1377 1241 1414 Omnem
1258 1376 1519 1431 antiquorum]
1550 1373 1773 1424 Aristotelis,

1030 1443 1066 1472 et
1085 1431 1277 1470 Isocratis:
1306 1432 1412 1485 quod
1432 1432 1674 1486 sequentibus
1687 1447 1772 1472 ver-

1029 1491 1088 1529 bis
1110 1487 1333 1528 declaratur.
1353 1503 1582 1544 quamquam
1593 1492 1772 1543 antiquo-

1030 1561 1117 1585 rum
1138 1556 1253 1585 etiam
1282 1560 1455 1586 omnium
1480 1558 1650 1586 oratoria
1669 1559 1769 1586 ratio

1028 1606 1070 1642 in
1109 1617 1188 1642 vno
1239 1602 1443 1642 'Aristotele
1489 1606 1766 1644 continebatur.

1028 1660 1169 1713 scripsit
1189 1661 1291 1698 enim
1312 1659 1468 1707 librum,
1492 1663 1534 1699 in
1553 1675 1631 1714 quo
1653 1675 1767 1714 expo-

1029 1716 1101 1756 suit
1120 1716 1270 1755 dicendi
1288 1728 1385 1756 artes
1406 1719 1579 1757 omnium
1599 1717 1769 1771 superio·

1028 1788 1126 1821 rum,
1151 1784 1194 1813 vt
1213 1772 1279 1813 lib.
1294 1786 1330 1813 2.
1361 1774 1408 1814 de
1437 1777 1586 1814 Inuent.
1617 1788 1698 1818 c.2.
1729 1784 1767 1814 et

1026 1830 1141 1872 lib.2.
1163 1830 1209 1869 de
1233 1833 1339 1870 Orat.
1359 1838 1467 1885 038.
1486 1830 1658 1881 legimus.
1687 1833 1765 1886 Op·
1804 1876 1810 1881 ι
1860 1816 1863 1817 ⁷

1025 1887 1152 1942 posuit
1181 1898 1331 1935 autem,
1350 1891 1616 1944 {antiquorum
1644 1892 1767 1941 ratio-

1023 1959 1108 1984 nem
1127 1947 1348 1990 oratoriam,
1375 1946 1630 1985 communibus
1651 1944 1767 1998 prae-

1024 2003 1166 2054 ceptis:
1203 2001 1306 2054 quod
1346 2011 1452 2041 erant
1492 2004 1647 2050 Romae,
1694 2003 1766 2055 qui

1023 2058 1140 2107 vulgo
1161 2059 1400 2098 Rhetoricam
1421 2070 1538 2098 artem
1569 2058 1763 2105 docerent,

1026 2127 1063 2155 et
1081 2115 1232 2154 dicendi
1258 2126 1456 2169 praecepta
1488 2116 1690 2155 traderent.
1720 2115 1762 2154 id

1023 2171 1185 2211 Sullanis
1210 2173 1445 2225 temporibus
1456 2175 1600 2225 primus
1618 2171 1764 2226 profes·

1022 2229 1081 2268 sus
1102 2230 1153 2268 est
1167 2233 1214 2278 L.
1226 2227 1368 2267 Plotius
1393 2229 1535 2277 Gallus,
1550 2241 1590 2269 vt
1618 2229 1664 2268 ad
1684 2231 1762 2268 Ti-

1022 2289 1159 2326 tinium
1180 2286 1317 2340 scripsit
1333 2288 1490 2327 Cicero:
1532 2289 1637 2326 cuius
1667 2286 1760 2325 haec

1020 2346 1223 2383 Suetonius
1246 2344 1364 2383 verba
1375 2346 1508 2383 recitat
1526 2346 1567 2383 in
1587 2342 1689 2383 libro
1711 2343 1759 2382 de
1799 2347 1801 2349 ’

1019 2400 1109 2440 clar.
1133 2402 1241 2440 Rhet.
1259 2413 1338 2441 c.2.
1423 2402 1617 2440 Memoria
1641 2412 1759 2449 teneo,

1012 2460 1143 2511 pueris
1162 2457 1278 2504 nobis,
1285 2459 1450 2509 primum
1471 2459 1607 2497 Latine
1625 2456 1758 2498 docere

1015 2513 1161 2568 coepi—sl}
1181 2517 1225 2553 L.
1257 2515 1423 2553 Plotium
1451 2513 1661 2569 quendam.-
1701 2510 1760 2552 ad

1014 2564 1123 2627 quem
1159 2585 1242 2610 cum
1263 2571 1382 2623 fieret
1401 2571 1628 2622 (concutfits,
1657 2567 1760 2624 quod

223 2705 263 2736 et
303 2691 475 2732 contrita
515 2697 719 2740 praecepta
765 2684 956 2742 didicisse.-
1009 2697 1268 2731 exerceretur,
1280 2683 1451 2725 dolebam
1469 2683 1559 2722 mihi
1571 2681 1670 2723 idem
1681 2696 1757 2722 non

217 2752 402 2806 primum,
429 2745 595 2788 oratoris
615 2742 778 2797 officium
803 2741 881 2799 ff,
898 2743 956 2785 di.

1010 2744 1137 2786 licere.
1163 2740 1383 2784 continebar
1402 2796 1408 2800 .
1433 2751 1563 2782 autem
1594 2737 1753 2790 doHiffi·

1606 2808 1755 2839 morum
