1863 3172
349 149 420 190 IN
447 148 558 189 CIC.
588 149 789 190 EPIST.
817 152 951 191 ΕΔΜ.
981 152 1090 191 LIB.
1119 152 1183 192 VI.
1211 153 1402 194 EPIST.
1430 155 1528 198 XIX.
1591 170 1677 216 417

144 259 306 309 obtinet,
323 259 423 300 vnde
441 260 643 313 hospitales
662 262 734 310 dii,
765 263 882 315 hospi·

142 318 239 358 talis
259 319 451 371 Iuppiter,·
488 329 523 357 et
543 318 647 372 quod
666 320 880 360 diuturnio-

145 375 198 412 ris
239 373 427 413 interdum
466 378 779 417 commorationis
817 380 880 416 est.

140 430 318 481 Hospita·
335 431 461 470 autem
473 434 608 472 Cicero
628 436 668 472 in
689 444 785 475 orat.
808 447 880 488 pro

141 484 352 525 Cluentioc
376 499 427 541 59
452 488 645 543 vsurpauit
655 504 726 544 pro
741 493 802 538 iis,
814 492 882 544 qui

135 541 378 583 diuersantur
396 547 436 583 in
457 560 640 600 caupona.
670 548 882 596 Hominem,

128 600 279 652 inquit,
291 603 496 641 multorum
513 604 710 655 hospitum,
731 606 776 643 A.
789 605 883 644 Bin-

132 658 247 696 m'um
275 661 484 709 quendam,
519 674 708 711 coponem,
741 661 787 698 de
816 663 882 700 via

133 712 299 759 Latina,
338 714 584 763 subornatis.-
638 719 705 771 qui
727 715 813 770 fibi
856 732 882 756 a

140 769 324 817 Cluentio,
327 773 526 827 seruisque
545 773 639 819 eins,
659 787 698 811 tn
719 772 882 812 taberna

128 825 208 878 sua
232 841 367 866 manus
387 829 534 867 allatas
552 826 616 881 effi·
634 829 754 868 dicat.
791 832 880 878 Quo

141 881 228 921 loco
240 885 382 936 accepit
399 884 555 936 hospites
565 899 637 938 pro
658 888 880 938 peregrinis,

141 949 182 979 vt
200 939 293 979 alibi
312 953 479 993 quoque,
503 955 583 980 non
607 956 678 996 pro
696 944 758 990 iis,
786 956 880 996 quo-

139 1010 224 1035 rum
240 995 362 1036 sancia
380 999 464 1036 iura
485 997 580 1037 sunt.
644 999 822 1039 Taberna
843 1010 881 1040 et

135 1066 320 1106 caupona,
340 1066 380 1093 vt
407 1055 522 1094 verba
555 1058 766 1103 Ciceronis,
795 1070 883 1111 pro-

137 1111 237 1149 xime
268 1113 435 1159 recitata,
473 1111 750 1160 demonstrant,
779 1114 882 1154 idem

136 1166 223 1207 sunt
245 1169 346 1207 inter
365 1168 415 1216 se,
436 1183 515 1207 non
535 1169 636 1208 idem
651 1181 775 1209 tamen
797 1185 882 1210 cum

135 1224 309 1276 hospitio,
350 1235 387 1264 et
433 1227 656 1276 diuerlbrio.
699 1228 882 1280 siquidem

135 1280 202 1320 illa
223 1293 260 1320 et
278 1283 418 1321 amicos
439 1293 596 1325 tantum.
631 1294 667 1323 et
688 1286 804 1333 gratis
826 1299 883 1324 ac·

136 1340 302 1392 cipiunt:
330 1339 401 1378 hae
428 1353 522 1378 vero
547 1342 710 1380 amicum
737 1355 757 1379 a
776 1355 880 1394 pere-

134 1399 247 1445 grino
266 1409 344 1434 non
373 1395 617 1446 distinguunt,
654 1396 716 1436 sed
745 1397 879 1437 alienis

136 1455 250 1492 etiam
267 1455 483 1506 ignotisque
513 1453 734 1493 hominibus
767 1469 879 1508 quae*

136 1512 211 1549 stus
256 1512 375 1559 gratia
420 1520 561 1563 patent.
621 1514 705 1550 Hoc
749 1523 877 1552 tamen

132 1568 526 1615 animaduertendum,
560 1567 742 1613 tabernae
770 1570 882 1619 figni-.

132 1626 347 1663 ficationem
367 1623 478 1662 latius
502 1634 644 1677 patere,
667 1638 780 1678 quam
792 1641 877 1665 cau-

128 1693 261 1734 ponae.
290 1695 377 1720 nam
414 1682 655 1720 tabernarum
685 1680 793 1734 plura
815 1696 876 1731 ge-

133 1752 235 1785 nera,
255 1740 294 1776 in
313 1739 450 1790 quibus
481 1752 620 1777 merces
643 1738 875 1786 venduntur,

131 1806 174 1834 vt
189 1794 350 1834 taberna
371 1796 548 1842 libraria,
570 1805 664 1835 orat.
677 1808 715 1836 2.
735 1797 775 1834 in
799 1798 874 1835 An-

131 1854 284 1891 tonium
329 1865 357 1889 c.
381 1863 419 1904 9.
468 1851 651 1892 tabernae
680 1853 872 1902 sutrinae,

132 1908 235 1962 apud
244 1910 426 1947 Tacitum
441 1905 506 1947 lib.
528 1920 591 1962 15.
613 1907 744 1948 Annal.
763 1924 792 1949 c.
805 1919 870 1962 34.

131 1967 378 2022 argentarias
398 1966 510 2003 etiam
537 1964 717 2005 tabernas
737 1968 869 2004 Liuius

133 2020 341 2076 appellauit
384 2021 448 2060 lib.
472 2025 538 2064 26.
569 2037 598 2060 c.
624 2033 684 2064 ΙΙ.
722 2037 801 2061 non
828 2024 868 2061 in

133 2080 271 2132 quibus
292 2076 438 2118 Geniret
460 2088 669 2128 argentum,
690 2077 752 2117 sed
785 2093 868 2133 pre-

131 2138 189 2176 tio
217 2146 509 2188 permutaretur,
548 2134 609 2174 vel
655 2134 701 2173 de
739 2150 868 2184 manu,

132 2191 239 2245 quod
257 2195 376 2241 aiunt,
395 2194 435 2230 in
456 2207 622 2240 manum,
637 2190 698 2231 vel
716 2202 757 2231 vt
777 2191 868 2232 alibi

131 2250 353 2290 tantundem
364 2249 586 2289 redderetur
599 2266 606 2287 :
636 2248 740 2302 quod
752 2249 873 2288 hodie

133 2319 289 2360 quoque
313 2308 365 2346 fit.
395 2321 463 2345 nec
487 2305 635 2353 dubito,
668 2307 762 2358 quin
798 2308 867 2345 eis-

132 2364 219 2402 dem
239 2365 280 2402 in
299 2365 465 2403 tabernis
487 2362 614 2402 fenori
631 2364 789 2415 pecunia
808 2362 871 2402 da-

130 2430 249 2461 retur.
308 2420 505 2460 Tabernae
523 2432 664 2458 veteres
683 2429 719 2458 et
737 2433 870 2467 nouae,

131 2479 229 2516 eirca
253 2477 392 2518 forum,
427 2491 472 2515 ex
500 2474 653 2521 Plauto,
683 2479 869 2522 Varrone,

131 2535 330 2580 Cicerone,
349 2535 476 2579 Liuio,
488 2531 626 2579 Plinio,
643 2531 870 2581 cognoscun-

132 2599 205 2629 tur.
235 2590 322 2629 ideo
347 2590 501 2629 Plautus
528 2592 568 2628 in
600 2592 700 2627 Men.
731 2590 809 2628 Aet.
831 2599 868 2628 2.

131 2648 186 2686 Sc.
202 2658 237 2699 3.
257 2662 292 2687 v.
306 2653 370 2695 81.
398 2657 435 2685 et
453 2648 492 2684 in
513 2648 636 2685 Truc.
659 2646 738 2684 Αέῐ.
752 2656 786 2695 3.
811 2646 866 2683 Sc.

129 2716 173 2747 2.
193 2717 229 2742 V.
243 2714 308 2757 29.
338 2703 570 2751 diuerlbriae
584 2715 792 2750 cognomen
804 2701 866 2740 ad-

132 2758 242 2808 didit,
267 2771 308 2800 vt
329 2774 350 2798 a
370 2757 526 2811 reliquis
548 2760 713 2798 tabernis
740 2757 866 2796 distin·

129 2826 274 2867 guetet.
331 2818 424 2856 Sunt
443 2818 557 2856 etiam
576 2814 771 2864 tabernae,
796 2815 863 2856 hu-

938 261 1045 302 miles
1068 262 1190 312 aedes,
1210 279 1254 304 ex
1276 264 1412 306 tabulis
1440 266 1521 308 fere
1552 272 1679 313 confe-

939 322 1032 367 ἃδε,
1054 323 1091 359 in
1115 323 1250 374 quibus
1277 337 1460 377 pauperes
1493 327 1676 381 habitant,

939 378 1040 416 vnde
1054 381 1234 419 Horatius
1256 378 1321 420 lib.
1346 392 1379 421 1.
1399 383 1523 424 Carm.
1553 386 1616 426 od.
1633 401 1663 444 4

939 445 1049 484 v.13.

995 502 1156 543 Pallida
1181 518 1282 546 mors
1308 523 1425 564 aequo
1442 511 1572 562 pulfht
1584 512 1678 566 pede

1093 573 1303 612 pauperum
1331 564 1526 614 tabernas,

1048 631 1262 686 Regnmque
1289 644 1431 674 turres.
1457 658 1567 670 ——·

941 699 1118 753 Caupona
1150 701 1280 741 vendit
1309 717 1352 744 ea
1384 714 1550 754 tantum,
1580 722 1679 762 quae

938 757 1202 806 comeduntur,
1227 772 1292 798 aut
1324 771 1518 814 potantur.

996 829 1196 868 Petrinum
1222 832 1349 885 tuum]
1378 832 1500 873 Villae
1523 848 1679 885 nomen,

938 899 960 923 a
978 887 1065 923 vico
1090 887 1256 935 Petrum,
1284 891 1353 941 qui
1370 887 1445 930 fuit
1474 892 1513 928 in
1536 893 1680 933 Sinues-

938 940 1042 982 sano:
1070 945 1251 983 Horatius
1275 944 1342 986 lib.
1359 958 1392 988 1.
1418 949 1519 1001 epist.
1534 960 1568 1000 5.
1590 964 1627 988 v.
1641 961 1678 1002 ς.

1117 1012 1445 1071 S'itztteyfhtzztnique
1465 1018 1679 1060 Petrinum.

995 1083 1310 1125 Conmzoratz'onis
1330 1087 1391 1140 est,
1426 1103 1500 1128 non
1517 1090 1682 1142 diuerso-

938 1139 1009 1193 νὴ]
1049 1142 1147 1190 Ergo
1188 1141 1390 1182 diuersorii
1426 1150 1679 1188 commoratio

938 1210 1016 1235 non
1037 1198 1097 1236 est.
1133 1199 1237 1251 quod
1258 1199 1369 1254 supra
1390 1202 1633 1244 ostendimus.

994 1268 1059 1308 De
1076 1273 1274 1310 curatione
1286 1271 1436 1325 aliqua]
1467 1275 1548 1312 Hac
1565 1275 1612 1313 de
1623 1289 1678 1324 re,

937 1333 980 1363 vt
1032 1327 1194 1378 opinor,
1230 1328 1276 1365 fic
1316 1326 1392 1366 lib.
1414 1341 1470 1381 ¹3·
1496 1330 1543 1369 ad
1566 1334 1676 1372 Attic.

938 1382 1040 1433 epist.
1057 1386 1125 1435 46.
1146 1383 1310 1422 Balbum
1331 1388 1498 1426 conueni.
1553 1390 1678 1440 Lepta

936 1440 1046 1485 enim,
1071 1439 1118 1478 de
1133 1441 1212 1490 sua
1240 1442 1325 1480 vini
1351 1445 1548 1484 curatione
1572 1445 1677 1486 labo-

935 1508 1041 1542 rans,
1065 1509 1119 1534 me
1138 1495 1194 1535 ad
1207 1511 1291 1536 eum
1313 1496 1564 1550 perduxerat.

988 1565 1200 1605 Munerum
1224 1567 1436 1623 regionum]
1511 1573 1559 1610 Et
1577 1574 1673 1612 anti·

932 1634 1029 1674 quus
1050 1620 1159 1670 liber,
1174 1633 1208 1661 et
1220 1625 1391 1662 Suetonii
1402 1626 1673 1678 testimonium,

930 1679 972 1716 in
1001 1678 1159 1718 Caesare
1178 1694 1206 1718 c.
1232 1691 1294 1733 39.
1310 1681 1387 1734 ipsa
1405 1685 1517 1722 etiam
1528 1684 1673 1725 senten-

930 1736 983 1774 tia
1001 1750 1061 1774 me
1081 1737 1268 1784 hortatur,
1297 1748 1350 1785 vt,
1381 1742 1586 1795 regionum,
1613 1741 1673 1782 le-

930 1804 1025 1840 gam.
1055 1791 1136 1831 ludi
1156 1795 1257 1832 enim
1276 1795 1540 1844 significantur,
1572 1812 1668 1852 quos

929 1848 1077 1896 Caesar,
1100 1848 1280 1902 superatis
1311 1854 1386 1890 iam
1415 1854 1457 1891 in
1486 1854 1667 1908 Hispania

929 1907 1100 1958 Pompeii
1119 1905 1261 1954 liberis,
1282 1921 1352 1960 per
1371 1909 1529 1958 singulas
1543 1916 1666 1962 regio-

927 1976 993 2000 nes
1015 1963 1104 2001 dare
1125 1965 1333 2013 cogitabat:
1356 1965 1395 2004 id
1417 1967 1519 2018 quod
1541 1982 1561 2007 e
1580 1971 1668 2009 Sue-

925 2020 1025 2058 tonii
1044 2020 1282 2069 cognoscitur
1299 2022 1465 2062 historia.
1521 2027 1586 2073 Ac,
1615 2041 1666 2067 ne

925 2077 1024 2128 quis,
1044 2079 1239 2115 mentione
1261 2092 1281 2116 a
1304 2093 1364 2117 me
1383 2082 1584 2128 regionum
1610 2083 1665 2122 fa·
1712 2113 1717 2121 .

922 2135 996 2179 ἃᾶ,
1020 2133 1302 2173 contradicendi
1321 2137 1549 2176 occasionem
1569 2142 1664 2180 arri-

918 2190 1022 2243 piat,
1053 2190 1157 2242 quod
1189 2202 1276 2230 ante
1308 2195 1512 2241 Augustum
1540 2194 1662 2237 diuisa

923 2247 1012 2286 vrbs
1043 2261 1121 2285 non
1155 2245 1273 2286 fuerit
1300 2249 1341 2286 in
1369 2252 1564 2298 regiones:
1607 2256 1662 2294 ait

923 2304 1024 2342 enim
1047 2303 1094 2355 de
1125 2306 1293 2352 Augusto
1313 2305 1513 2345 Suetonius
1539 2322 1568 2346 c.
1594 2321 1661 2362 30.

924 2359 1035 2398 haec:
1071 2360 1245 2411 Sputimn
1273 2361 1376 2400 vrbis
1402 2364 1443 2401 in
1476 2366 1660 2418 regiones,

925 2418 1093 2470 vicosque
1111 2414 1271 2467 diusfir:
1306 2431 1447 2457 moneo
1464 2418 1660 2471 leftorem,

925 2473 1028 2510 vrbis
1045 2473 1210 2527 regiones
1231 2473 1290 2511 hic
1317 2477 1446 2513 vocari
1475 2478 1659 2530 quasdam

924 2529 1028 2567 vrbis
1058 2539 1181 2580 partes
1213 2544 1232 2568 a
1259 2528 1373 2575 locis,
1408 2530 1491 2572 licet
1528 2548 1660 2576 earum

923 2586 1014 2623 certi
1033 2586 1124 2622 fines
1146 2586 1316 2624 nondum
1335 2585 1461 2636 effent,
1483 2593 1549 2643 qui
1562 2594 1661 2644 post·

922 2655 964 2680 ea
987 2643 1112 2680 statuti
1134 2640 1217 2681 sunt
1238 2645 1283 2682 ab
1305 2646 1481 2693 Augusto,
1512 2646 1661 2688 Italiam

922 2699 1133 2750 vrbemque
1172 2702 1211 2737 in
1243 2701 1416 2748 regiones
1452 2703 1660 2744 diuidente-

921 2765 1124 2808 propterea
1145 2767 1180 2794 et
1201 2757 1400 2795 Suetonius
1420 2757 1526 2805 dixit,
1547 2758 1660 2800 ludo·

921 2813 1149 2861 regionatim
1191 2814 1287 2854 vrbe
1322 2822 1402 2853 tota
1442 2829 1463 2853 a
1491 2815 1662 2866 Caesare,

980 2867 1051 2923 Dd
1534 2872 1663 2914 eonfe-
