1863 3172
185 97 269 144 428

400 93 641 133 PAVLLI
676 95 974 138 MANVTII
1000 99 1509 148 COMMENTARIVS

180 203 266 257 puli
280 200 421 252 dolore,
451 215 496 244 vt
518 206 660 247 oblitus
681 209 926 261 imperatoris
982 213 1110 252 causfis
1129 213 1344 257 discedere:
1387 234 1505 270 cogor
1525 223 1627 263 enim
1644 224 1718 265 'de-

184 274 230 299 ac
251 260 531 312 munificentiae
549 262 683 304 honori
697 265 773 315 fito
792 269 924 322 exqui-

168 315 300 370 sitae,
317 316 416 368 flens
448 320 645 370 vniuetfits
671 323 921 379 corfirgeret‚

180 373 362 427 dirasque
388 375 583 427 Pompeio,
616 391 709 433 qaas
739 379 806 419 ille
832 394 920 420 mox

179 430 269 477 luit,
299 432 591 481 imprecaretur.
671 434 809 474 Eadem
837 435 919 476 fere

178 488 266 526 Dio.
322 485 538 528 Plutarchus
558 490 654 530 hanc
681 506 763 532 rem
790 494 916 534 breui-

179 554 237 582 ter
255 545 389 594 attigit.

232 627 353 669 Ludis
365 625 545 684 fienicis]
589 631 719 671 Ludos
748 631 913 673 scenicos

174 696 307 732 vocat,
339 683 666 737 clytemnestram,
702 699 739 728 et
765 693 913 743 Equum

171 743 415 790 Troianum,
457 746 626 797 itemque
672 749 836 786 Graecos
872 758 909 787 et

171 798 286 837 Oscos
307 798 431 840 ludos.
486 804 558 840 Hic
583 816 747 855 quaero:
783 805 809 842 fi
827 802 908 844 ludi

168 855 253 894 sunt
274 858 373 896 inter
393 857 470 896 dies
492 858 615 906 festos,
636 859 740 912 quod
759 863 907 901 Macro-

166 914 252 952 bius
275 912 338 952 lib.
358 925 389 954 1.
412 915 560 954 Saturn.
589 932 618 955 c.
634 919 695 958 16.
726 916 906 971 scriptum

165 969 342 1022 reliquit3
371 982 406 1010 et
431 970 511 1010 festi
541 972 643 1020 dies,
668 972 785 1013 iidem
822 975 906 1015 sunt

163 1026 317 1065 nefasti:
370 1029 473 1080 quod
492 1027 593 1068 idem
622 1030 802 1080 tradidit3
836 1034 905 1085 qui

162 1086 288 1137 potuit
308 1085 460 1123 Caninii
491 1085 650 1125 caussam
682 1090 817 1127 Cicero
847 1088 903 1128 lu-

161 1141 217 1178 dis
241 1140 404 1187 scenicis,
429 1142 469 1181 id
488 1144 550 1190 est,
581 1143 730 1183 nefastis
752 1146 901 1194 diebus,

159 1200 292 1246 agere?
352 1212 440 1236 nam
495 1200 634 1240 iudicia
674 1201 774 1248 fastis
821 1213 901 1243 tan-

157 1265 240 1293 tum
287 1253 418 1293 diebus
456 1257 614 1298 fiebant:
654 1258 786 1298 nefasti
835 1275 898 1299 au-

155 1321 232 1350 tem
242 1310 340 1349 fastis
362 1314 535 1365 oppofiti.
563 1317 656 1354 Non
667 1316 778 1364 deest,
791 1317 896 1370 quod

154 1367 415 1421 respondeam.
499 1370 598 1410 Ludi
639 1387 718 1411 non
748 1388 897 1423 ornnes,

154 1424 216 1463 sed
236 1425 485 1466 anniuersarii
514 1438 661 1468 tantum
682 1431 782 1469 inter
814 1431 892 1470 dies

150 1482 263 1522 festos
288 1480 419 1531 fnere',
453 1482 534 1537 ludi
567 1497 695 1525 autem
725 1489 895 1542 Pompeii

150 1553 230 1577 non
258 1540 532 1589 anniuersarii,
569 1541 631 1581 sed
660 1554 762 1583 extra
791 1545 894 1584 ordi-

149 1611 237 1635 nem
258 1595 348 1642 dati,
373 1611 457 1637 cum
482 1599 669 1639 theatrum
691 1600 892 1654 templum-

148 1667 222 1706 que
267 1655 425 1694 Veneris
473 1657 647 1695 Vie‘fficis
687 1657 889 1699 dedicaret.

146 1712 276 1763 itaque
296 1724 364 1763 per
385 1725 449 1750 eos
469 1712 548 1751 dies
567 1714 713 1753 iudicia·
730 1717 814 1755 fieri
843 1716 887 1755 li-

145 1769 235 1806 cuit.
292 1770 470 1808 Exoritur
490 1768 608 1810 altera
641 1775 829 1825 quaestio:
860 1775 887 1812 fi

144 1823 254 1863 ludos
276 1827 409 1863 Cicero
429 1825 623 1878 spee'tauit²
659 1843 737 1881 quo
769 1830 887 1870 modo

143 1883 347 1920 Caninium
385 1882 579 1923 defendit?
630 1888 760 1926 Potuit
800 1898 887 1926 ante

141 1939 341 1978 meridiem
355 1938 572 1989 defendere,
585 1944 667 1995 post
687 1943 888 1984 meridiem

141 1995 323 2050 speetare.

199 2083 261 2121 Ne
273 2080 381 2134 forte
413 2081 550 2122 videar
574 2082 647 2124 tibi
673 2097 749 2124 non
774 2087 880 2125 modo

137 2138 294 2186 benus,
327 2137 405 2189 fid
439 2138 537 2179 liber
571 2142 718 2180 omnino
742 2140 876 2196 fuiffi]

136 2197 200 2235 Ne
221 2207 261 2234 tu
289 2211 350 2234 me
379 2208 487 2249 putes
518 2194 703 2236 ludorum·
728 2198 876 2246 diebus,

135 2267 214 2291 non
237 2253 356 2291 dicam
377 2254 543 2304 beatum,
564 2252 627 2293 sed
653 2257 812 2296 omnino
833 2255 877 2296 li·

133 2311 269 2349 berum
299 2309 420 2349 fuiffe.

190 2380 356 2434 Dirupi]
385 2382 477 2420 Prae
499 2379 644 2430 labore,
667 2393 704 2422 et
724 2394 877 2424 conten·

135 2446 253 2475 none.

188 2520 300 2560 Galli
328 2520 507 2576 Caninii]
567 2526 689 2573 Qiem
713 2527 872 2567 Athenis

126 2579 254 2630 postea
266 2578 363 2617 vidit
379 2580 420 2616 in
436 2578 607 2619 Ciliciam
620 2583 870 2635 proficiscens.

127 2634 196 2673 lib.
214 2647 248 2674 2.
281 2636 383 2686 epist.
408 2641 443 2682 8.

186 2705 280 2743 Tam
294 2705 474 2760 facilem]
497 2707 660 2748 Facilem
680 2711 868 2764 populum

123 2775 204 2803 non
227 2762 364 2811 habeo,
384 2765 474 2816 quia
502 2779 582 2805 non
611 2765 698 2809 licet
720 2770 814 2809 mihi
845 2783 867 2810 a

977 269 1149 317 sendere,
1174 286 1270 325 quos
1289 273 1421 316 nolim.

1034 341 1227 395 Ambitio]
1274 345 1537 388 Cauffisrenim
1558 351 1714 400 agendis

975 396 1185 437 multorum
1210 400 1278 438 fibi
1319 404 1500 444 amicitias
1522 422 1714 461 compara-

973 456 1051 499 vit;
1080 469 1246 508 quorum
1267 471 1341 511 ope
1362 457 1525 501 summos
1543 465 1712 505 honores

971 511 1192 552 consecutus
1204 515 1275 552 est:
1305 525 1348 554 vt
1365 517 1405 554 in
1424 519 1711 562 Commentario

970 573 1025 619 Q
1040 571 1236 609 Ciceronis
1264 570 1310 610 de
1337 575 1524 626 petitione
1540 577 1708 619 consula-

970 636 1028 666 tus
1062 641 1090 668 c.
1099 630 1137 670 6.

1029 699 1122 739 Vita
1139 698 1252 738 nulla
1273 698 1342 755 est]
1359 700 1513 740 Prorsus
1533 702 1708 744 iniucun-

967 753 1013 793 da
1027 757 1106 794 vita
1126 756 1196 794 est:
1225 766 1267 795 vt
1287 757 1382 796 mihi
1400 760 1534 798 viuere
1551 773 1631 810 npn
1651 761 1708 800 vi·

966 811 1068 853 clear.

958 911 961 913 -
1021 883 1156 939 Neque
1173 887 1268 924 enim
1285 883 1464 938 fruft'um
1494 887 1619 927 vllum
1648 887 1706 928 Ia-

962 938 1067 979 boris
1095 955 1140 980 ex
1172 941 1230 981 his
1249 942 1417 995 exspee‘lo
1440 953 1553 983 ERN.
1576 943 1704 998 exspe-

960 994 1037 1048 Ho]
1065 997 1123 1035 Sic
1148 996 1241 1037 olim
1261 1000 1417 1047 restitui,
1430 1014 1514 1038 cum
1524 1003 1565 1040 in
1577 1004 1701 1041 omni-

960 1053 1030 1092 bus
1049 1055 1215 1106 antiquis
1245 1055 1354 1095 libris
1387 1056 1571 1106 viderem,
1594 1059 1699 1099 ficuti

959 1124 1060 1148 nunc
1090 1113 1204 1150 etiam
1231 1112 1360 1161 video,
1396 1129 1446 1154 ex
1462 1114 1521 1154 his
1542 1127 1642 1168 peto.

1012 1182 1194 1223 Homines
1215 1197 1290 1223 non
1315 1187 1452 1237 optime
1477 1184 1526 1226 de
1550 1201 1610 1227 me
1626 1201 1700 1228 me-

956 1239 1070 1289 ritos]
1100 1241 1307 1280 Gabinium
1344 1242 1543 1291 fignificat,
1580 1257 1697 1297 quem

953 1308 1089 1344 rogatu
1117 1299 1289 1351 Pompeii
1311 1297 1503 1348 defendit,
1531 1315 1616 1340 cum
1645 1302 1694 1342 ab

952 1366 999 1391 eo
1029 1353 1181 1393 consule
1208 1366 1446 1409 oppugnatus
1481 1366 1518 1396 et
1551 1359 1692 1399 eiee'tus

952 1408 1052 1448 esset.
1140 1413 1185 1451 In
1215 1415 1391 1452 oratione
1421 1427 1492 1466 pro
1514 1416 1690 1456 Postumo

952 1480 980 1504 c.
1001 1473 1036 1515 8.
1057 1466 1251 1507 defensum
1271 1484 1292 1507 a
1322 1468 1358 1509 se
1375 1472 1594 1519 Gabinium,
1621 1475 1690 1522 ait,

950 1538 1031 1562 non
1053 1535 1129 1563 tam
1149 1535 1190 1565 vt
1201 1528 1380 1578 Pompeio
1398 1529 1685 1578 gratificaretur,

949 1594 1062 1633 quam
1083 1592 1124 1621 vt
1142 1583 1243 1622 bona
1271 1582 1345 1622 fide
1376 1583 1526 1623 rediisse
1543 1585 1689 1626 videre-

947 1648 1011 1676 tur
1028 1640 1068 1677 in
1088 1642 1260 1688 gratiam.
1297 1639 1354 1679 Ad
1375 1643 1568 1681 Vatinium
1592 1658 1687 1697 quo-

944 1709 1019 1747 que
1039 1694 1242 1749 spectauit,
1270 1711 1396 1750 quem,
1417 1698 1571 1738 Caesare
1599 1715 1686 1740 con-

944 1751 1136 1802 tendente,
1184 1768 1293 1793 reum
1341 1754 1520 1795 defendit.
1555 1755 1620 1797 lib.
1647 1770 1683 1800 1.

943 1810 1045 1862 epist.
1058 1823 1096 1863 9.
1162 1811 1224 1850 De
1245 1812 1413 1857 Vatinio,
1438 1815 1576 1865 inquit,
1600 1817 1683 1867 pri-

943 1880 1047 1904 mum
1075 1869 1219 1907 reditus
1247 1867 1497 1923 intercefferat
1525 1874 1565 1911 in
1585 1884 1680 1927 gra-

941 1924 1040 1961 tiam
1066 1936 1135 1975 per
1171 1925 1399 1977 Pompeium.
1429 1949 1480 1957 —
1513 1928 1594 1982 past
1613 1943 1681 1969 au-
1730 1976 1731 1981 Ἰ

940 1989 1014 2019 tem
1035 1980 1220 2030 Caesaris,
1238 1993 1280 2021 vt
1299 1982 1409 2022 illum
1430 1982 1679 2035 defenderem,

930 2031 1044 2076 'ntira
1065 2040 1251 2078 contentio
1270 2038 1321 2092 est
1343 2038 1548 2084 conlecuta.
1634 2046 1678 2083 Et

940 2091 1020 2146 ipse
1048 2096 1234 2142 Vatinius,
1259 2109 1344 2148 cum
1378 2097 1555 2137 Ciceroni
1584 2099 1675 2140 odio

934 2148 1072 2198 fuisset,
1090 2165 1179 2190 mox
1199 2166 1254 2204 eo·
1278 2151 1314 2191 se
1333 2163 1497 2206 patrono
1524 2155 1676 2196 absolu-

935 2217 1029 2255 tum,
1062 2207 1203 2247 fatetur
1238 2207 1307 2250 lib.
1327 2220 1362 2261 ς.
1391 2212 1493 2264 epist.
1506 2224 1544 2264 9.
1575 2233 1579 2236 ·
1630 2218 1675 2255 Et

934 2263 1106 2303 Valerius
1125 2263 1190 2304 lib.
1202 2278 1242 2318 4.
1266 2280 1295 2304 c.
1307 2280 1346 2308 2.
1406 2268 1534 2308 Cicero
1558 2268 1677 2312 Gabi-

924 2322 1056 2370 nium,
1076 2321 1376 2374 repetundarum
1394 2339 1515 2373 reum,
1523 2325 1672 2376 ficmmo

917 2377 1055 2432 studio
1078 2377 1265 2431 defendit,
1291 2382 1359 2433 qui
1376 2395 1460 2421 eum
1481 2384 1522 2421 in
1545 2383 1673 2435 confu-

934 2435 1018 2474 latu
1023 2435 1098 2484 suo
1124 2434 1217 2475 vrbe
1254 2438 1469 2489 expulerat.
1498 2437 1672 2498 idemque

933 2491 978 2531 P.
1001 2493 1216 2539 Vatinium,
1244 2491 1432 2549 dignitati
1452 2493 1548 2545 suae
1566 2498 1670 2548 sem·

928 2560 999 2600 per
1025 2547 1210 2600 infestum,
1228 2548 1372 2590 duobus
1395 2551 1556 2603 publicis
1571 2555 1671 2596 iudi·

928 2606 999 2643 ciis
1017 2616 1168 2644 tutatus
1196 2605 1255 2655 est.
1314 2610 1358 2646 Et
1388 2609 1668 2656 Quinetilianus

883 2681 886 2687 ·
926 2659 992 2699 lib.
1008 2672 1068 2701 11.
1091 2675 1118 2699 c.
1137 2674 1171 2702 1.
1201 2662 1322 2702 Dixit
1351 2665 1474 2705 Cicero
1499 2678 1570 2718 pro
1590 2669 1668 2708 Ga·

926 2716 1027 2756 binio
1055 2728 1094 2757 et
1126 2719 1168 2758 P.
1211 2720 1381 2768 Vatinio,
1407 2723 1667 2774 inimicillimis

926 2786 1041 2816 antea
1054 2773 1138 2829 fibi
1175 2775 1404 2825 hominibus,
1445 2790 1483 2819 et
1510 2782 1551 2820 in
1576 2797 1668 2836 quos

1524 2851 1667 2881 oratzo-

1794 2437 1802 2448 ο
1798 2379 1801 2382 ’
1802 2336 1811 2348 k
1795 2137 1825 2322 ’ναν-*Μ
1796 2139 1809 2163 *⁴
1797 1950 1824 2130 .‚'·.·,⁴(e;{{·J?-·'-„
1814 1914 1825 1928 ι,
1804 1888 1821 1905 *⁸
