1863 3172
218 80 299 128 584
417 70 653 114 PAVLLI
691 68 973 111 MANVTII

279 181 484 234 Fauonius]
516 182 672 220 Catonis
691 182 876 229 imitator,
903 193 963 220 ae·

221 239 307 280 dilis
331 237 471 282 curulis
493 239 568 277 hoc
587 251 702 279 anno.

277 308 458 363 Acceffit]
499 310 594 350 Cato
615 307 838 350 sententiam
858 307 962 348 dixe·

221 376 301 408 rat:
331 367 458 407 astensi
486 364 571 407 suut
599 367 740 405 Hirrus
775 375 812 407 et
840 366 960 405 Fauo-

220 426 320 470 nius,
343 422 566 465 sententiam
589 436 670 462 non
687 421 877 464 dixerunt.

277 494 356 534 Pro
381 495 556 548 cuiusque
579 503 724 533 natura
759 504 797 533 ct
817 491 962 546 instita·

218 550 277 603 to]
304 551 470 591 Pertinet
496 550 569 588 hoc
597 548 643 588 ad
669 553 868 597 Catonem,
891 548 957 587 ho·

216 610 359 648 minem
379 606 661 651 seuerissimmm
683 617 893 659 naturaque
922 615 959 645 et

216 662 488 706 consuetudine
510 662 621 705 valde
641 677 797 719 parcum
822 665 863 703 in
893 663 959 704 tri-

215 721 379 762 buendis
405 721 637 763 honoribus.

271 789 361 842 His]
422 792 515 832 Non
536 791 689 836 Catoni,
719 791 788 842 qui
813 787 959 830 senten-

213 848 305 889 tiam
328 847 423 886 dixit
443 847 711 893 honorificam,
739 844 802 885 sed
837 849 958 885 Hirro

213 915 249 943 et
270 905 458 950 Fauonio,
480 906 546 956 qui
561 903 781 945 sententiam
801 902 959 955 quidem

213 975 293 1001 non
314 960 504 1006 dixerunt,
513 959 575 999 sed
590 957 827 1001 voluntatem
840 960 960 1000 osten-

214 1016 352 1057 derunt
371 1030 444 1070 pro
473 1016 670 1063 sententia,
707 1031 792 1056 cum
821 1017 961 1057 Catoni

212 1073 340 1115 ass‘enfi
361 1076 442 1114 fint.
472 1072 549 1121 vel,
576 1073 657 1120 his,
684 1074 806 1116 tribus
836 1075 961 1115 nomi-

212 1132 310 1172 natis
321 1160 334 1178 ,
364 1131 504 1183 quibus
534 1131 608 1172 hoc
637 1132 793 1170 nomine
820 1129 960 1170 deben-

212 1201 275 1228 tur
297 1191 454 1237 gratiae,
467 1187 574 1240 quod
596 1185 833 1229 voluntatem
853 1187 959 1227 dum-

212 1255 314 1284 taxat
335 1244 583 1286 ostenderunt
599 1258 678 1283 non
700 1243 959 1286 decernendae

212 1300 519 1354 ¹supplicationis;
548 1314 621 1354 pro
646 1299 832 1343 sententia
847 1316 957 1350 vero,

211 1369 253 1399 xt
272 1361 434 1398 omnino
463 1371 543 1399 non
573 1357 858 1406 decerneretur,
892 1373 960 1412 pu-

210 1428 328 1466 gnare
346 1412 570 1459 noluerunt,
587 1428 673 1456 cum
696 1413 884 1470 impedire
904 1427 958 1457 ta-

210 1488 233 1512 n
251 1486 298 1513 en
320 1471 469 1528 poffint.
509 1484 607 1525 quae
638 1471 664 1512 fi
692 1473 875 1524 recipitur
902 1474 961 1512 in-

211 1539 236 1569 t·
251 1528 452 1582 rpretatio,
471 1529 568 1568 mihi
586 1527 742 1582 quidem
759 1528 845 1568 satis
871 1542 960 1584 pro-

211 1588 320 1632 lata3
352 1584 660 1637 distinguendum
681 1587 756 1627 erit
785 1586 860 1627 hoc
878 1601 961 1626 rno-

212 1649 285 1683 c'o:
319 1642 566 1683 Voluntatem
597 1641 863 1694 ostenderum5
889 1655 959 1695 pro

201 1699 416 1752 fintentia,
463 1711 550 1740 eum
595 1700 777 1753 impedire
808 1697 960 1756 ρᾳῌξηι,

218 1769 294 1796 mm
309 1764 548 1810 pugnarunt-

273 1826 444 1868 Tantam
464 1825 701 1868 voluntatem
724 1837 834 1870 ERN.
862 1826 967 1870 Tan-

217 1880 319 1934 tum]
351 1884 425 1924 Pro
439 1883 599 1933 saltem,
623 1894 664 1926 vt
700 1883 766 1925 lib.
786 1896 826 1938 7.
860 1885 963 1937 epist.

218 1951 285 1990 31.
301 1941 340 1979 V
336 1941 397 1980 eni
418 1940 556 1996 igitur,
577 1941 727 1995 quaest),
743 1956 789 1982 ne
810 1952 966 1982 tantum

209 1996 343 2052 ¹limen
359 1997 615 2048 ,urbanitatis
644 2011 723 2040 vna
750 2011 835 2039 cum
858 2009 967 2050 repu-

217 2054 320 2093 blica
349 2055 531 2094 intereat.

277 2110 371 2150 Cum
401 2109 584 2160 impedire
605 2107 765 2163 poffivtt]

219 2175 499 2212 numeraretur,
519 2164 765 2219 postularent.

277 2223 518 2277 Desuarmn
535 2224 726 2263 aHionum
736 2221 869 2276 cursu]
892 2225 970 2262 Ira-

221 2289 279 2321 tus
303 2283 405 2320 enim
427 2277 556 2320 Paullo
577 2278 735 2326 consuli,
763 2282 829 2333 qui
852 2282 968 2319 comi·

223 2335 329 2377 tiales
369 2338 403 2376 ei
429 2336 508 2377 dies
536 2337 736 2389 eripiebat,
767 2336 969 2379 induxerat

222 2395 391 2435 animum
422 2392 715 2449 supplicationes
738 2407 871 2435 omnes
900 2395 970 2435 im·

253 2449 366 2491 edire.

223 2464 248 2506 p
282 2505 467 2558 Furnius]
506 2507 712 2550 Tribunus
743 2506 877 2564 plebis,
908 2508 969 2547 Ci—

227 2565 374 2605 ceronis
400 2563 665 2619 cupidissimus,
698 2563 836 2617 lib.15.
866 2565 969 2617 epist.

232 2631 294 2670 ¹4·
317 2629 353 2661 et
377 2617 444 2660 lib.
458 2632 493 2672 5.
512 2619 560 2659 ad
579 2622 689 2662 Attic.
710 2623 813 2674 epist.
840 2628 900 2669 ¹8-
938 2622 969 2661 is

229 2678 293 2726 (st,
313 2676 359 2716 ad
379 2690 493 2731 quem
512 2675 691 2730 leguntur
711 2679 890 2735 epistolae
905 2677 971 2722 ali-

229 2743 330 2787 quot
356 2732 423 2776 lib.
439 2743 504 2778 10.

852 2111 903 2157 Si,
925 2119 967 2151 vt

1018 69 1540 112 COMMENTARIVS

1076 179 1281 230 Lentulus]
1339 183 1435 223 Cum
1456 179 1610 222 Lentuli
1641 180 1759 224 essent

1018 235 1142 282 inulti,
1169 235 1311 276 summa
1339 238 1440 277 inter
1467 240 1694 278 Ciceronem
1721 250 1759 280 et

1017 295 1055 333 P.
1089 291 1295 333 Lentulum
1326 294 1563 346 Spintherem
1592 297 1758 336 amicitia

1017 349 1119 396 facit,
1140 360 1182 390 vt
1210 349 1256 390 de
1275 350 1475 405 Spinthere
1499 352 1761 408 accipiendum

1015 408 1236 446 existimem.

1076 477 1377 528 Circmnierunt]
1426 477 1664 528 Prensarunt,
1682 495 1760 520 am-

1015 534 1181 573 bierunt.
1211 535 1279 587 qui
1301 535 1402 572 enim
1413 535 1544 583 ambit,
1567 538 1760 580 circumit:

1015 601 1057 633 vt
1076 590 1154 644 ipsa
1175 592 1284 631 verbi
1304 592 1526 646 compositio
1557 591 1734 636 declarat.

1071 660 1187 707 Balbi·
1205 661 1387 712 Cornelii]
1400 661 1589 702 Gaditani.
1603 665 1706 716 epist.
1719 676 1760 716 9.

1073 721 1115 758 Si
1140 720 1259 758 alster
1279 715 1438 771 fecisset]
1467 720 1502 757 Si
1523 718 1764 774 supplicatio-

1016 788 1082 816 nes
1096 818 1099 820 ,
1115 775 1316 816 Ciceronis
1346 775 1585 829 impediiffet.

1074 845 1250 899 Caesari]
1284 846 1356 887 Cui
1375 843 1412 884 se
1434 846 1641 895 addixerat,
1664 861 1765 888 acce-

1014 912 1078 957 pta
1099 904 1245 950 ingenti
1266 900 1452 941 mercede.

1071 960 1165 998 Erus
1181 957 1301 1010 fidem
1321 960 1362 999 in
1377 956 1632 1013 suspicionem
1644 957 1766 998 addu-
1787 970 1789 972 ·

1013 1015 1094 1068 xit]
1136 1017 1233 1054 Cum
1269 1015 1433 1063 diceret,
1483 1016 1520 1054 ei
1553 1015 1766 1056 cauendum

1018 1071 1105 1119 effe,
1123 1086 1169 1111 ne
1189 1074 1273 1114 fiete
1284 1070 1550 1113 reconciliatus
1570 1086 1654 1112 cum
1671 1074 1766 1112 Cae·
1788 1069 1792 1072 ’

1016 1128 1097 1168 sare
1119 1126 1334 1177 'xiicim-etur,
1363 1131 1389 1170 fi
1417 1130 1614 1169 Ciceronis
1642 1129 1784 1176 hono-9

1016 1200 1096 1228 rem
1118 1185 1360 1238 impediiffet‚
1386 1200 1501 1239 quem
1519 1184 1658 1227 scireta
1672 1189 1764 1227 Cae-

1017 1243 1097 1283 sare
1120 1257 1200 1281 non
1223 1241 1435 1294 vulgariter
1453 1241 1573 1292 diligi,

1070 1312 1310 1365 Decrerant]
1324 1316 1418 1354 Non
1435 1312 1614 1368 equidem
1623 1314 1656 1352 is
1668 1311 1764 1363 sum,

1043 1372 1084 1409 ui
1104 1369 1423 1418 diuinationibus,
1435 1367 1655 1426 praesertim
1667 1383 1766 1424 quae

1015 1384 1098 1468 sola
1121 1428 1339 1469 couieetura
1359 1429 1543 1475 nitantur,
1573 1425 1685 1468 facile
1709 1441 1768 1467 ac-

1016 1482 1226 1538 quiescam:
1257 1493 1544 1532 verumtamen,
1592 1485 1661 1524 vbi
1697 1498 1768 1524 nec

1017 1542 1198 1583 sententia
1220 1551 1420 1595 repugnat,
1457 1550 1494 1582 et
1522 1543 1684 1582 mutatio
1714 1540 1768 1579 le-

1017 1600 1076 1638 vis
1127 1599 1191 1645 est,
1234 1612 1303 1639 eur
1341 1597 1559 1640 libertatem
1602 1599 1767 1653 ingenii:

1018 1656 1204 1708 eripiam?
1229 1657 1315 1697 Hoc
1334 1655 1490 1708 quidem
1512 1656 1554 1694 in
1577 1652 1678 1702 loco,
1700 1655 1768 1708 qui

1018 1726 1119 1757 nunc
1140 1713 1182 1761 in
1200 1713 1376 1752 manibus
1405 1713 1477 1759 est,
1511 1725 1596 1752 cum
1620 1713 1770 1768 antiqui

1018 1767 1108 1810 libri
1136 1767 1308 1823 plerique
1342 1770 1547 1818 haberent,
1588 1770 1770 1818 deerant,-

1020 1824 1213 1876 nonnulli,
1238 1824 1442 1877 deserant,-
1472 1824 1537 1865 alii
1559 1823 1694 1873 aliter3
1724 1838 1770 1867 ex

1020 1884 1089 1925 hac
1107 1884 1292 1924 varietate
1309 1881 1390 1926 sum
1412 1882 1610 1931 adduetus3
1631 1893 1672 1923 vt
1682 1895 1772 1936 pro·

1019 1941 1175 1985 barem,
1204 1943 1434 1982 decrerunt:
1463 1953 1539 1993 qua
1570 1939 1770 1987 sententia,

1023 2011 1125 2037 nunc
1145 2009 1347 2050 exponam.
1385 2000 1427 2037 L.
1453 1997 1646 2038 Domitius
1676 1996 1774 2037 Ahe-

1024 2054 1234 2100 nobarbu5‚
1286 2063 1323 2096 et
1355 2056 1394 2094 P.
1424 2055 1567 2106 Scipio}
1598 2054 1772 2106 Pompeii

1023 2110 1152 2158 socer,
1181 2121 1343 2163 vterque
1369 2109 1538 2153 Caesaris
1582 2110 1772 2161 inimicus,

1025 2182 1111 2207 cum
1134 2168 1268 2219 inique
1285 2166 1430 2208 ferrent
1445 2167 1595 2215 transigi
1609 2165 1663 2207 ‘de
1687 2165 1774 2221 sup-

1024 2223 1296 2278 plicationibus
1318 2225 1532 2272 CiceroniS,
1551 2235 1690 2278 easque
1700 2225 1775 2262 Cu-

1026 2282 1148 2322 rionis
1179 2281 1326 2321 tribuni
1355 2279 1478 2334 plebis
1507 2280 1772 2322 interceffione

1027 2348 1208 2391 cuperent
1224 2337 1425 2393 impedit-h
1452 2335 1690 2380 simulatione
1711 2337 1776 2381 he-

1027 2393 1272 2437 neuolentiae
1312 2393 1607 2448 supplicationes
1646 2393 1774 2435 decre·

1027 2461 1181 2500 verunt,
1202 2460 1243 2489 vt
1263 2464 1306 2491 ea
1332 2466 1374 2494 re
1395 2452 1620 2499 Curionem,
1649 2452 1775 2490 omni-

1028 2509 1099 2549 bus
1117 2509 1441 2560 Pompeianorum
1452 2508 1669 2550 eletionibus
1680 2509 1775 2547 acri-

1029 2574 1087 2605 ter
1117 2563 1309 2606 aduersari
1341 2563 1506 2613 solitum,
1532 2564 1579 2604 ad
1614 2566 1774 2605 interce.

1029 2620 1197 2663 dendum
1217 2619 1409 2663 elicerent.
1497 2621 1648 2664 Accedit
1676 2623 1776 2660 Coe·

1028 2677 1122 2718 liani
1148 2676 1332 2718 sermonis
1360 2676 1607 2719 consuetudo.
1643 2676 1774 2733 paullo

1029 2735 1132 2779 enim
1164 2743 1253 2777 ante
1280 2730 1424 2778 dietum
1452 2736 1518 2785 est,
1546 2748 1621 2778 non
1647 2734 1776 2778 decre-

1704 2800 1774 2833 rat
