1863 3172
156 119 240 170 368

154 222 278 267 tulus;
300 229 509 276 praeterea,
528 217 571 255 C.
598 215 719 254 Curio
735 209 901 251 tribuni-

155 294 247 320 cius,

213 362 300 404 Alii
320 357 462 412 absint]
494 355 663 395 Aberant
684 349 899 393 consulares

157 421 249 467 duo,
270 420 306 455 P.
327 417 466 468 Scipio,
484 412 654 464 Pompeii
682 409 799 456 socer,
831 409 901 462 qui

155 476 301 519 bellum
318 476 360 511 in
382 471 508 510 Africa
534 477 667 507 contra
696 465 899 507 Caesarem

154 532 331 585 gerebat3
357 539 394 567 et
413 530 467 566 M.
486 522 702 571 Marcellus,
732 523 800 575 qui
818 523 900 576 post

157 586 410 631 Pharsalicum
456 580 661 637 proelium,
692 582 797 618 'cum
836 577 900 632 spe

157 644 337 687 vincendi
356 639 462 681 simul
489 639 636 677 abiee'ta
655 635 824 676 certandi
849 645 900 674 et-

157 707 232 745 iam
251 699 456 753 cupiditate
486 695 749 735 voluntarium
775 692 903 730 Rhodi

157 771 224 801 aut
244 755 436 803 Mitylenis
462 751 645 792 exsulium
667 751 734 789 fibi
756 747 903 797 delege-

157 829 229 859 rat.
259 817 389 855 aberat
418 821 454 850 et
481 811 534 849 M.
558 811 651 847 Cato
672 807 904 860 praetorius,

160 876 228 930 qui
248 887 332 911 cum
354 870 529 922 Scipione
557 863 718 903 caussam
747 865 904 915 Pompe-

159 937 286 973 ianam
338 926 521 966 acerrime
576 922 765 961 tuebatur.
835 932 905 958 nec

161 993 304 1030 Romae
352 995 442 1023 tunc
491 989 599 1018 erant
645 980 699 1017 M.
742 979 904 1022 Brutus,

161 1061 230 1087 nec
269 1046 345 1082 Ser.
374 1037 584 1091 Sulpicius,
634 1033 700 1073 ille
747 1031 906 1078 Galliae,

161 1105 223 1143 hic
245 1099 424 1141 Graeciae
442 1093 697 1148 praepofitus:
728 1100 770 1129 vt
786 1088 852 1128 lib.
867 1092 906 1131 6.

160 1161 263 1214 epist.
275 1161 311 1199 6.

220 1243 375 1286 Mutati
393 1236 608 1286 voluntate]
637 1235 731 1275 Non
758 1230 907 1279 eodem,

164 1317 243 1357 quo
272 1310 405 1345 antea,
434 1298 477 1334 in
508 1295 734 1333 Ciceronem
763 1291 907 1355 animo,

164 1357 402 1412 temporibus
422 1353 558 1392 mutati
579 1361 617 1390 et
635 1350 799 1389 vieiona
811 1347 910 1387 Cae-

165 1418 268 1457 saris

225 1494 470 1553 Neceffizrio]
528 1494 585 1532 Est
611 1493 713 1531 enim
737 1487 909 1530 Caesaris

165 1556 418 1601 familiaribus
437 1549 737 1596 inseruiendum,
765 1558 912 1600 tempo·

165 1620 218 1659 ris
246 1611 378 1654 cauffa.

221 1702 487 1755 frequentant
506 1691 660 1733 domum
679 1687 817 1742 meam]
854 1688 913 1726 Sic

167 1760 235 1800 lib.
253 1771 288 1799 1.
314 1756 359 1794 de
379 1752 486 1791 offic.
505 1765 534 1789 c.
550 1761 616 1802 39.
674 1749 802 1788 Aliter
831 1759 912 1784 am-

163 1819 234 1871 pla
268 1815 399 1853 domus
427 1807 602 1848 dedecori
629 1803 780 1844 domino
795 1804 913 1855 saepe

155 1874 224 1927 fit,
253 1870 293 1922 [ι
317 1868 366 1921 est
393 1870 433 1907 in
461 1880 505 1906 ea
535 1860 729 1914 solitud0‚·
767 1871 802 1899 et
834 1874 913 1897 ma-

168 1933 287 1975 xime,
320 1926 360 1977 si
400 1919 631 1978 aliquando,
673 1919 751 1958 alio
795 1915 914 1956 domi-

170 2001 243 2036 uo,
271 1985 393 2037 solita
430 1983 479 2033 est
508 1976 768 2033 frequentari.
854 1975 913 2019 Et,

161 2044 417 2100 frequentare
445 2034 575 2081 ludos,
615 2033 682 2073 lib.
707 2043 742 2073 1.
777 2030 824 2069 de
851 2032 911 2068 In-

172 2110 275 2140 vent.
331 2113 360 2136 c.
384 2106 449 2147 27.
512 2090 599 2131 Alio
640 2088 778 2136 mode,
815 2086 915 2137 <cele-

171 2159 312 2198 bratur
357 2152 513 2198 domus,
559 2146 626 2188 lib.
647 2160 687 2190 2.
716 2145 764 2186 ad
784 2147 838 2194 Q
856 2146 916 2184 Fr.

174 2216 277 2268 epist.
292 2215 330 2255 6.

233 2300 317 2340 Aut
346 2305 457 2335 ERN.
488 2289 559 2331 Ad
572 2285 783 2343 summum]
813 2287 919 2328 Sum·

175 2370 279 2397 mum
310 2352 373 2393 lib.
388 2364 433 2392 2:
455 2350 559 2402 epist.
586 2361 618 2389 ι.
706 2348 737 2386 Α
764 2356 802 2385 te
829 2357 920 2384 vero

176 2414 247 2460 his,
277 2423 379 2451 terue
388 2412 600 2459 summum,
633 2414 671 2443 et
693 2417 758 2442 eas
772 2400 922 2455 perbre-

175 2485 239 2510 ves
258 2470 393 2520 accepi.
426 2475 462 2503 et
486 2461 541 2502 ad
546 2463 745 2513 summum
767 2459 922 2506 dicitur,

175 2526 372 2567 Ciceronis
403 2518 589 2573 exemplo.

235 2606 437 2665 Perfugio]

179 2669 270 2709 dum
302 2664 422 2705 solum
451 2664 587 2701 Cicero
615 2660 738 2707 affert,
779 2670 820 2699 vt
842 2659 925 2696 hic:

178 2724 370 2766 interdum
392 2721 600 2768 coniungit,
614 2729 654 2757 vt
675 2716 740 2756 lib.
755 2727 789 2766 ς.
819 2716 924 2769 epist.

184 2795 202 2824 1
212 2795 256 2837 ς.ι
263 2780 422 2823 Litteris
436 2787 524 2818 vtor
540 2774 691 2826 affidue.
710 2771 807 2829 quid
821 2774 925 2813 enim

521 2607 606 2643 Hoc
627 2603 791 2643 verbum
809 2603 924 2641 inter-

361 104 590 148 PAVLLI
619 101 917 142 MANVTII
946 97 1461 139 COMMENTARIVS

955 205 1072 250 aliud
1096 207 1230 260 facere
1255 209 1424 265 poffitm?
1453 207 1544 262 sed·
1576 208 1695 261 nell-io

955 266 1134 321 quomodo
1163 265 1264 316 ipfize
1291 267 1383 307 illae
1411 264 1614 307 excludere
1642 280 1698 306 me

958 336 983 360 a
1002 332 1119 374 portu
1147 331 1186 372 et
1200 323 1378 379 perfugio
1405 323 1598 364 videntur.
1651 325 1696 362 Et

955 391 1027 432 pro
1051 376 1187 416 Archia
1207 391 1236 416 c.
1246 390 1286 430 7.
1343 379 1602 435 Haec-studia
1630 378 1698 419 ad-

955 433 1067 486 verfis
1082 432 1305 490 perfugium
1327 451 1372 474 ac
1376 436 1567 486 solatium
1585 449 1701 489 prae-

954 489 1054 530 bent.
1138 488 1355 540 Perfugium
1395 504 1521 533 autem
1549 492 1698 532 litterae

955 546 1038 585 sunt
1058 544 1210 586 duobus
1230 548 1378 587 modis:
1398 548 1469 598 >vel
1490 550 1608 602 quod,
1637 563 1698 590 eas

956 603 1047 653 dum
1081 605 1307 652 uaeramus,
1337 603 1524 644 molestias
1559 605 1699 649 obliui-

957 659 1119 708 scimur3
1150 658 1212 699 vel
1230 660 1334 713 quod
1356 663 1526 710 animus,
1555 677 1704 716 praece·

957 719 1032 771 ptis
1055 715 1252 756 vtilissimis
1278 717 1553 767 conformata,
1572 720 1702 761 huma·

958 788 1006 813 na
1026 775 1167 821 omnia,
1197 786 1349 827 praeter
1369 776 1583 825 honestum,
1615 792 1704 817 con-

959 833 1107 887 temnit,
1126 829 1223 868 nihil
1253 843 1405 885 praeter
1438 833 1586 888 culpam
1611 837 1706 875 exti-

959 886 1097 926 mescit.
1127 887 1173 926 de
1192 886 1320 927 fruetu
1345 901 1487 938 autem,
1518 905 1632 944 quem
1652 892 1707 932 af-

959 943 1089 983 ferunt
1107 942 1270 992 litterae,
1287 946 1376 985 vide
1395 946 1461 986 lib.
1478 961 1517 1001 4.
1539 951 1641 1003 epist.
1668 962 1704 1003 3.

952 1011 999 1040 <et
1034 999 1100 1039 lib.
1116 1013 1149 1054 5.
1171 1001 1272 1054 epist.
1292 1013 1356 1055 13.
1394 1013 1431 1044 et
1455 1003 1572 1058 lib.9.
1598 1009 1705 1061 epist.

962 1071 1001 1099 2.
1026 1068 1062 1096 et
1087 1070 1123 1110 3.

1023 1129 1259 1179 Conscientia
1272 1127 1513 1182 cotqfile'orum
1522 1133 1707 1187 meorum]

964 1187 1082 1239 Saepe
1130 1185 1226 1225 hanc
1274 1186 1497 1227 sententiam
1541 1187 1710 1244 vsurpat,

965 1241 1031 1282 lib.
1048 1260 1088 1295 4.
1123 1245 1227 1296 epist.
1243 1254 1278 1296 3.
1319 1243 1386 1284 lib.
1409 1246 1448 1286 6.
1483 1246 1586 1299 epist.
1612 1259 1647 1288 1.
1668 1259 1708 1301 4.

965 1304 1004 1344 6.
1034 1312 1092 1342 ιο,
1117 1311 1181 1353 13.
1202 1310 1239 1339 et
1258 1312 1323 1342 21.
1349 1312 1386 1341 et
1404 1300 1470 1341 lib.
1485 1314 1529 1355 7.
1550 1305 1652 1355 epist.
1670 1316 1711 1355 3.

967 1371 1065 1411 quae
1083 1367 1242 1396 rceltal'e
1264 1356 1422 1408 longum
1451 1361 1522 1398 est:
1567 1362 1708 1401 indica-

965 1429 1009 1454 re
1033 1413 1129 1461 loca,
1157 1424 1194 1453 et
1223 1416 1327 1466 quafi
1356 1416 1519 1465 digitum
1545 1417 1592 1455 ad
1623 1418 1711 1457 fon-

966 1483 1043 1511 tem
1061 1471 1274 1518 intendere,
1303 1472 1403 1512 vnde
1432 1473 1622 1523 hauriant,
1643 1477 1711 1530 qui

967 1531 1100 1582 copiae
1123 1528 1284 1576 student,
1303 1527 1389 1568 satis
1410 1529 1519 1569 duco.
1654 1565 1655 1570 ,

1029 1598 1127 1651 Nisi
1139 1596 1331 1653 inuidffit
1351 1598 1401 1652 is]
1474 1603 1711 1657 Pompeium,

969 1658 1125 1710 opinor,
1156 1656 1331 1706 designat,
1358 1671 1380 1694 a
1409 1672 1487 1710 quo
1514 1657 1550 1697 se
1581 1660 1712 1713 prodi-

969 1723 1065 1760 tum,
1104 1724 1236 1753 contra
1270 1712 1395 1753 datam
1439 1716 1572 1764 fidem,
1603 1716 1713 1772 saepe

968 1782 1154 1824 queritur.

1025 1842 1094 1882 Me
1120 1843 1220 1881 enim
1239 1840 1413 1895 amabas]
1473 1845 1559 1883 Mea
1590 1843 1711 1885 caussa

969 1897 1080 1938 illum
1100 1913 1180 1937 non
1203 1901 1367 1946 amabas,
1397 1901 1503 1938 cuius
1526 1901 1713 1951 inuidiam

970 1957 1246 2010 perfidiamque
1273 1956 1407 1996 nosses·

1026 2028 1168 2069 Beatus
1203 2024 1304 2081 esset]
1391 2029 1475 2066 Hoc
1510 2027 1623 2068 dicit:
1677 2032 1715 2071 Si

970 2098 1121 2124 mecum
1169 2084 1216 2122 ad
1265 2083 1444 2124 tuendam
1496 2084 1714 2127 libertatem

973 2140 1219 2189 consensiffet‚
1238 2155 1364 2194 neque
1380 2142 1632 2195 perniciosam
1643 2147 1716 2184 rei·
1736 2187 1740 2189 ,

973 2197 1150 2254 publicae
1187 2212 1272 2237 cum
1311 2197 1468 2238 Caesare
1499 2198 1716 2242 societatem

975 2254 1153 2308 coiiss'et3]
1191 2270 1272 2294 non
1306 2255 1424 2295 modo
1452 2257 1626 2307 viueret,
1654 2258 1719 2298 secl

975 2316 1108 2355 beatus
1136 2311 1238 2359 esset,
1281 2322 1318 2352 et
1363 2327 1448 2352 cum
1495 2327 1542 2352 eo
1584 2329 1716 2356 omnes

976 2372 1084 2412 boni.
1170 2373 1228 2409 De
1244 2368 1404 2409 Caesare
1431 2380 1578 2419 autem,
1609 2383 1647 2412 et
1663 2375 1719 2413 vi·

978 2430 1084 2468 &ore
1103 2428 1193 2474 iam,
1216 2437 1266 2466 et.
1281 2442 1302 2465 a
1331 2440 1410 2480 quo
1433 2429 1583 2467 veniam
1613 2429 1721 2483 paul-

980 2485 1020 2525 lo
1065 2495 1152 2524 ante
1202 2486 1494 2537 impetrauerat,
1538 2486 1650 2534 haec,
1679 2497 1720 2527 vt

981 2543 1137 2597 opinor,
1169 2540 1331 2580 scribere
1359 2556 1438 2580 non
1457 2542 1622 2582 auderet.
1651 2558 1721 2583 nec

981 2599 1122 2639 inuidit
1143 2601 1179 2637 ei
1203 2598 1360 2645 Caesar,
1390 2601 1458 2652 qui
1479 2598 1626 2654 semper
1652 2615 1720 2654 po-

979 2656 1123 2712 pularis
1149 2655 1235 2702 fuit,
1268 2667 1305 2694 et
1345 2657 1393 2695 ab
1440 2658 1533 2696 vrbe
1579 2657 1719 2697 multos

978 2729 1101 2754 annos
1124 2712 1272 2760 abfuit,
1302 2711 1392 2752 dum
1423 2715 1463 2751 in
1495 2711 1615 2753 Gallia
1644 2713 1723 2754 bel-

978 2771 1060 2811 lum
1100 2781 1271 2820 gereret,
1303 2769 1368 2809 sed
1403 2771 1625 2825 Pompeius,
1654 2773 1722 2825 qui

1590 2842 1719 2884 paret!
