1863 3172
280 162 351 204 IN
378 165 494 206 CIC.
531 167 726 209 EPIST.
764 170 902 214 FAM.
936 173 1049 215 LIB.
1074 174 1144 216 111.
1182 175 1365 221 EPIST.
1384 181 1450 221 XI.

89 289 269 330 vmquam
295 276 419 322 fuit?)
465 277 659 333 sequitur,
697 292 739 322 vt
768 285 840 324 im·

87 335 210 387 probe
236 344 272 372 te
311 332 532 384 Dolabella,
565 337 836 380 maleuolentia

85 388 283 443 impulsus,
320 390 475 431 accuset.

142 460 395 514 Declamire]
436 462 560 505 Palam
589 464 832 516 maledicere,

84 528 128 554 ac
150 516 198 555 de
217 515 315 556 fama
338 517 549 562 detrahere.
591 524 696 577 quod
715 525 740 563 si
757 539 833 563 ma—

82 574 224 612 iestatis
252 577 394 614 crimen
427 580 497 618 cst:
544 580 666 620 multo
700 585 831 630 magis,

83 643 168 669 cum
187 631 306 672 homo
327 635 511 674 innocens
542 636 745 677 accusatur.

137 701 333 754 Ambitus]
391 707 584 745 Ainbitum
617 706 713 755 effe,
743 723 829 749 cum

80 757 251 798 honores
273 764 432 813 pecunia
454 775 705 815 quaeruntur,
719 767 827 816 igno·

81 826 144 855 rat
164 830 290 856 nenio.

140 887 205 925 Ita
235 897 411 939 apertam
442 890 523 928 vim
549 889 688 942 habet]
743 895 830 932 Hoc

79 939 167 981 loco
186 944 264 981 vim
285 946 428 996 accipio
441 960 513 998 pro
537 960 693 988 natura:
725 960 766 989 vt
785 951 828 989 fit

80 999 181 1051 quafi
202 1001 367 1039 ambitus
381 1001 567 1044 definitio.
608 1007 655 1044 fic
674 1005 825 1046 locutus

77 1053 146 1095 lib.
164 1066 196 1095 1.
221 1055 268 1095 de
289 1057 399 1097 Offic.
430 1067 540 1109 028.
585 1062 746 1115 Duplex
774 1063 827 1118 est

77 1114 142 1152 vis.
158 1116 375 1153 animorum
397 1128 512 1172 atque
530 1130 688 1160 natura.
725 1132 762 1160 et
785 1124 827 1160 in

79 1170 187 1207 Orat.
210 1183 238 1208 c.
255 1182 274 1221 3
288 1184 317 1212 ι.
346 1172 591 1225 Eloquentiae
610 1179 691 1218 vim
705 1189 744 1218 et
760 1190 828 1218 na-

77 1235 210 1266 turam
230 1229 474 1278 explicemus.

133 1296 323 1350 Improbe]
354 1301 558 1352 Improbus
579 1304 644 1350 est,
672 1303 734 1344 vel
759 1307 826 1358 qui

73 1355 263 1392 ambitum
281 1356 437 1403 accusat,
465 1357 527 1397 vel
555 1363 623 1413 qui
644 1360 825 1403 defendit.

74 1422 160 1449 cum
184 1413 286 1449 enim
309 1410 462 1463 largitio
497 1415 618 1464 faeta,
650 1429 716 1458 aut
743 1434 824 1458 non

69 1466 171 1506 faeta
206 1469 378 1517 ignorari
411 1485 491 1510 non
522 1475 655 1526 poilit;
707 1490 821 1515 nemo

72 1527 136 1563 vir
184 1526 307 1564 bonus
357 1529 438 1566 eius
486 1529 615 1570 defleti
661 1535 821 1584 nomine

72 1595 304 1634 quemquam
324 1584 523 1634 accusabit,
545 1601 624 1640 quo
648 1604 735 1628 eum
756 1604 820 1630 va-

72 1651 157 1676 care
191 1637 276 1676 satis
311 1638 466 1693 liqueat.
516 1644 642 1684 rursus
677 1661 819 1686 nocens

70 1708 159 1734 reus
181 1697 358 1748 improbe
387 1698 577 1750 defendet,
597 1702 702 1755 quod
723 1703 820 1744 mul·
859 1723 866 1738 x

69 1761 199 1790 torum
221 1755 437 1794 testimonio
455 1759 652 1809 probetur.
674 1762 819 1814 impro-

69 1809 141 1848 bus
172 1811 290 1858 igitur
311 1810 523 1863 Dolabella,
545 1818 664 1868 quite
678 1817 724 1856 de
744 1833 816 1857 am·

68 1866 152 1905 bitu
184 1866 342 1915 accuset,
376 1871 481 1908 cuius
514 1872 709 1912 honorum
736 1889 818 1914 cur-

69 1921 129 1961 sus
150 1925 295 1962 nemini
317 1923 505 1978 suspe8tus
528 1944 710 1983 vmquam
730 1931 814 1972 fuit.

67 1982 153 2018 Hoc
177 1991 300 2020 totum
323 1995 394 2034 pro
420 1987 545 2037 Appio
580 1998 712 2027 contra
737 1991 814 2028 Do-

66 2035 257 2085 labellam,
283 2052 466 2088 generum
496 2040 617 2092 suum,
647 2048 812 2099 tempori

66 2092 235 2133 seruiens
258 2097 392 2134 Cicero
421 2096 595 2148 collegit:
634 2102 740 2155 quod
756 2102 810 2142 fa-

67 2152 170 2190 &um
198 2152 345 2192 excusat
380 2153 428 2192 ad
469 2155 646 2197 Coelium
684 2158 750 2199 lib.
768 2170 808 2201 2.

66 2209 172 2260 epist.
196 2222 256 2258 ις.
299 2210 357 2247 his
407 2212 554 2252 verbis:
611 2216 734 2272 ind,
772 2215 813 2269 Ji

66 2279 190 2303 meam
208 2265 327 2321 legas,
348 2280 460 2321 quam
481 2283 545 2320 ego
566 2281 651 2310 tum
664 2287 710 2312 ex
730 2275 809 2312 tuis

65 2320 211 2360 litteris
231 2322 323 2374 mist
336 2322 393 2361 ad
399 2326 598 2378 Appium?
624 2328 702 2369 Sed
714 2328 813 2386 quid

0 2419 1 2422 Ἰ
64 2379 187 2434 agas?
205 2378 272 2429 sic
296 2381 455 2420 vincitur.

0 2427 1 2431 ’
121 2432 254 2487 Risus]
297 2436 510 2486 patefacta,
538 2450 653 2493 atque
684 2444 807 2492 exagi-

0 2500 1 2536 ξ
64 2499 140 2530 tata
161 2490 382 2532 accusatoris
406 2497 463 2534 tui
484 2494 640 2536 leuitate
657 2512 699 2538 ac
719 2499 805 2539 stul-

0 2551 1 2558 *
62 2549 159 2587 titia.

119 2605 311 2644 Bonorum
330 2615 366 2645 et
383 2606 571 2661 fortium]
609 2611 710 2650 Nam
738 2625 802 2651 ne-

61 2674 136 2714 que
154 2662 285 2700 timida
306 2664 490 2715 probitas,
518 2679 642 2718 neque
660 2668 802 2723 impro-

61 2718 111 2756 ba
132 2716 323 2758 fortitudo
343 2718 446 2759 vtilis
474 2721 716 2775 relpublicae.

40 2767 42 2769 ¹
121 2775 197 2818 VeL
214 2776 373 2831 aetatis]
428 2779 520 2817 Non
541 2780 656 2822 modo
676 2782 799 2823 hono-

57 2827 279 2883 neverum
299 2834 572 2890 etiam-aetatis.

1554 197 1635 241 241

952 286 1078 341 Orba]
1108 294 1159 331 Vt
1178 293 1306 332 orbati
1324 297 1548 348 parentibus
1568 313 1638 354 pu·

892 341 975 396 pilli
997 343 1082 384 suos
1101 357 1246 388 tutores
1267 348 1379 390 caros*
1395 352 1550 405 habent,
1580 359 1637 397 in-

892 399 1139 455 columesque
1162 405 1235 445 effe
1259 410 1428 461 cupiunt.

947 458 1111 510 Pompeii
1127 473 1165 500 ct
1181 464 1310 517 ls’ruti]
1342 470 1464 506 Vnam
1486 481 1530 507 ex
1546 468 1638 510 dua-

887 512 960 552 bus
1009 517 1125 568 Appii
1154 516 1242 556 filiis
1282 534 1443 562 vxorem
1478 524 1637 568 duxerat

888 570 959 609 Cn.
980 572 1151 625 Pompeii
1171 573 1285 622 filins,
1298 576 1455 619 alteram
1475 584 1527 621 M.
1542 586 1635 624 Bru-

887 635 961 667 tus.
980 629 1083 680 epist.
1093 642 1132 681 4.
1145 632 1282 670 Brutus
1303 648 1397 674 vero
1409 648 1445 676 et
1463 635 1638 682 laudauit

886 696 995 722 reum
1014 687 1194 738 Appium,
1207 698 1244 727 et
1266 688 1446 733 defendit.
1474 693 1569 735 illud
1588 711 1637 740 ex

885 740 1088 789 Diomede,
1127 743 1200 783 hoc
1235 759 1280 784 ex
1324 746 1427 789 libro
1464 750 1512 791 de
1543 753 1635 797 clar.

887 807 985 837 orat.
1025 805 1132 853 094.
1154 803 1308 842 constat.

940 866 1092 924 Fidem]
1135 870 1321 912 Affinitati
1342 875 1524 918 debitam.

947 925 1106 966 Virtute
1126 938 1166 967 et
1177 928 1313 985 ffcio]
1343 935 1507 981 Virtute,
1526 937 1635 989 quod

881 983 1102 1035 potuerint3
1131 984 1273 1033 officio,
1303 989 1408 1042 quod
1433 991 1634 1055 noluerint

882 1052 926 1078 ac
950 1037 1225 1082 laborauerint.

940 1110 1124 1151 Onmium
1134 1113 1385 1163 saeculorum
1402 1128 1441 1158 et
1453 1124 1633 1176 gentium

875 1166 1084 1220 principis]
1122 1169 1298 1212 Eundem
1318 1177 1486 1224 ornauit,
1514 1176 1630 1220 laude

881 1221 1072 1273 fingulari,
1090 1227 1193 1278 epist.
1214 1239 1254 1280 7.
1299 1230 1426 1287 ‚Qem
1446 1235 1633 1289 omnibus,

881 1282 949 1334 qui
965 1295 1147 1338 umquam
1162 1283 1344 1336 fuerunt,
1370 1299 1570 1342 antepono.

939 1338 1170 1392 quentatis]
1218 1345 1328 1383 Vere.
1351 1358 1439 1384 nam
1457 1350 1630 1400 probita-

880 1402 940 1442 te,
971 1393 1165 1444 doetrina,
1199 1400 1320 1439 animi
1349 1405 1630 1459 magnitudine,

879 1450 1005 1490 studio
1044 1454 1084 1490 in
1122 1456 1395 1507 rempublicam
1433 1465 1628 1506 neminem

878 1521 963 1546 curn
985 1509 1040 1549 M.
1065 1511 1185 1550 Bruto
1207 1513 1482 1557 conferendum
1501 1518 1626 1572 fuiffe,

877 1566 963 1618 quis
990 1567 1169 1615 negabit?

934 1635 1214 1693 Mercenariis]
1241 1641 1321 1690 Qui
1340 1644 1514 1685 mercede
1533 1662 1625 1689 con-

877 1689 983 1731 duffl
1006 1706 1051 1732 ex
1070 1696 1151 1734 Afia
1171 1699 1331 1737 Romam
1344 1700 1512 1751 inerant,
1529 1708 1625 1748 vtin

875 1751 1043 1802 Appium
1065 1753 1324 1794 testimonium
1353 1757 1536 1800 dicerent.

930 1807 1008 1845 Per
1029 1807 1222 1863 Flaccum]
1256 1813 1353 1852 Cum
1373 1812 1556 1869 loquatur
1570 1819 1621 1861 de

870 1862 933 1909 iis,
952 1865 1019 1916 qui
1043 1877 1088 1902 ex
1107 1869 1326 1918 prouincia,
1352 1874 1414 1910 cui
1442 1876 1622 1927 praefue-

870 1928 930 1957 rat
960 1922 1120 1973 AppiuS,
1168 1934 1299 1965 contra
1329 1941 1417 1967 eum
1454 1933 1619 1979 Romam

868 1975 1034 2028 profee‘ti
1056 1989 1184 2020 erant:
1220 1996 1301 2021 non
1331 1985 1479 2036 p‘offum
1501 1989 1618 2045 suspi-

868 2035 958 2081 cari,
994 2033 1182 2075 Flaccum›
1200 2051 1492 2093 propraetorem
1527 2047 1615 2090 esse.

866 2103 954 2128 nam
994 2092 1154 2132 eandem
1198 2098 1440 2147 prouinciam
1473 2104 1615 2145 Cicero

865 2148 948 2200 post
967 2151 1130 2202 Appium
1154 2154 1262 2191 rexit.
1292 2152 1430 2207 aliquis
1448 2157 1613 2203 fortaffis

865 2202 913 2242 de
928 2206 1124 2245 Ciceronis
1146 2209 1304 2249 cohorte
1321 2210 1409 2259 fuit,
1428 2215 1470 2253 in
1487 2218 1611 2262 Afiam

864 2262 911 2300 ab
933 2275 979 2299 eo
999 2263 1141 2311 missus,
1162 2275 1204 2303 vt
1220 2272 1476 2310 mercenarios
1498 2277 1608 2316 testes

863 2331 885 2357 a
908 2317 983 2357 suis
1003 2320 1222 2360 ciuitatibus
1236 2325 1425 2366 notandos
1445 2343 1609 2375 curaret.

916 2388 992 2428 Per
1012 2389 1168 2444 Afi'am]
1206 2395 1320 2434 Nunc
1341 2399 1444 2438 enim
1464 2413 1544 2443 erat
1561 2406 1605 2446 in

860 2443 1008 2484 Cilicia.

916 2501 1248 2560 Qccfiformam]
1288 2507 1496 2551 Translata
1517 2529 1606 2557 ver-

859 2557 920 2604 ba,
944 2573 993 2599 ne
1018 2558 1257 2612 asperitatem
1284 2563 1452 2608 habeant
1472 2569 1603 2614 alieno

856 2611 958 2663 loco,
981 2615 1210 2658 molliuntur
1228 2625 1447 2675 praepositis
1464 2627 1601 2671 aduer-

854 2671 944 2718 biis,
962 2672 1082 2728 quqsi,
1104 2684 1316 2731 tamquam,
1335 2682 1471 2730 veluti,
1500 2695 1538 2726 et
1553 2683 1597 2726 si-

853 2726 1022 2769 milibus.
1051 2731 1194 2771 Forma
1220 2735 1284 2782 est,
1321 2735 1369 2775 ad
1395 2741 1501 2779 cuius
1537 2756 1600 2782 ex-

852 2783 998 2838 emplar
1025 2785 1171 2840 aliquid
1200 2791 1264 2838 fit,
1295 2801 1337 2831 vt
1367 2794 1596 2840 aedificium.

849 2839 915 2881 sed
925 2840 1061 2894 forma
1075 2844 1302 2892 transfertur
1316 2848 1363 2890 ad
1373 2851 1509 2895 multas
1519 2869 1596 2905 res,

908 2900 963 2947 Q.
1555 2923 1595 2955 et
