1863 3172
181 114 238 159 32
399 101 620 144 PAVLLI
657 98 954 141 MANVTII
991 101 1504 145 COMMENTARIVS

184 229 256 271 pus
275 226 370 254 vero
381 213 558 254 tribunus
575 210 712 267 plebis,
729 213 926 251 vtaPom-

183 274 273 329 peio
290 270 547 311 reduceretur.
577 269 623 309 de
638 267 827 319 religione
838 283 930 308 con·

183 327 256 369 suli
282 340 414 367 omnes
448 325 702 371 affenserunt3
739 324 786 364 de
816 325 929 365 redu-

184 387 314 427 &ione
333 397 412 422 non
443 382 544 422 idem
572 382 750 423 omnibus
773 378 928 436 placuit.

182 441 420 488 Hortensius,
437 436 641 487 Lucullus,
667 440 804 479 Cicero
829 442 925 479 Len·

183 496 309 538 tulum
353 494 632 544 decernebant3
682 494 856 544 Crassus,
886 507 925 535 et

183 551 342 593 Bibulus
362 562 439 593 tres
461 550 616 603 legatoe,
644 552 706 592 hie
728 554 924 607 priuatos,

183 608 250 650 ille
268 611 382 651 etiam
401 623 481 657 eos,
503 612 571 663 qui
592 623 676 648 cum
696 611 861 662 imperio
871 607 926 648 es·

183 665 283 706 sent.¹
301 665 441 718 reliqui
463 663 677 705 ‘consulares
700 663 829 705 Bibuli
847 663 927 704 sen-

167 722 342 763 tentiam
360 722 586 775 probarunt,
607 724 727 762 tribus
749 723 928 775 exceptis,

167 791 354 832 quorum
384 776 485 827 duo,
518 777 728 826 Volcatius,
758 788 796 817 et
823 777 930 817 Afra-

175 837 294 883 mins,
321 837 422 889 Lupi
448 835 672 874 sententiam
692 833 808 874 secuti
824 833 929 874 sunt:

185 893 321 933 tertius
340 890 522 931 Seruilius
546 901 669 932 totum
694 891 740 931 de
764 904 853 941 rege
873 905 929 930 re·

186 947 363 989 ducendo
391 947 608 995 confilium,
640 947 703 988 vel
734 948 840 1001 quod
871 949 928 987 in-

186 1005 282 1047 vtile
304 1015 455 1060 putaret
476 1005 549 1044 effe
578 1003 833 1059 reipublicae,
863 1003 926 1044 vel

189 1062 294 1118 quod
311 1061 477 1102 alienum
496 1076 518 1100 a
537 1062 672 1116 populi
694 1063 857 1101 Romani
873 1061 928 1101 di·

187 1121 345 1171 gnitate,
365 1118 428 1159 sua
448 1118 630 1158 sententia
660 1118 874 1160 damnabat.

244 1190 418 1243 Pompeio
437 1187 629 1239 decernit]
666 1188 842 1243 Plerique
863 1205 929 1231 ve-

187 1257 287 1289 teres
305 1245 395 1286 libri
424 1245 578 1293 habent,
607 1246 807 1300 Pompeio.-
832 1262 929 1287 non-

187 1302 299 1352 nulli,
329 1304 566 1356 Pompeium:
607 1301 813 1357 plerosque
843 1303 927 1344 sum

187 1361 347 1402 secutus.
377 1369 545 1412 vtroque
563 1368 688 1398 tamen
721 1360 838 1400 modo
868 1376 927 1401 re-

187 1420 268 1459 ae:
294 1417 346 1456 est
365 1417 467 1455 enim
490 1417 531 1456 in
552 1416 621 1454 hac
649 1416 727 1471 ipsa
755 1417 926 1472 epistola,

185 1475 261 1517 eibi
287 1473 482 1522 decernit,
508 1482 559 1521 et,
583 1483 665 1514 tres
691 1474 834 1533 legatos
866 1476 927 1517 de-

186 1541 324 1574 cermt.

245 1600 474 1654 Afranium]
533 1602 576 1640 L.
607 1598 830 1649 Afranium,
858 1599 927 1653 qui

189 1657 445 1713 quadriennio
483 1667 572 1696 ante
618 1655 749 1697 consul
801 1656 928 1697 fuerat

189 1730 275 1756 cum
295 1713 456 1756 Metello
477 1712 623 1754 Celere.
664 1716 727 1754 Ne
742 1715 928 1753 miremur

187 1766 277 1813 euin
307 1769 482 1812 studuisse
516 1772 712 1825 Pompeio.
766 1785 855 1811 nam
890 1780 929 1810 et

188 1844 237 1870 eo
274 1827 368 1869 duce
399 1837 532 1868 eontra
560 1829 793 1876 Sertorium,
831 1829 925 1868 viuo

188 1885 293 1931 Sulla
328 1884 535 1932 dieiatore,
573 1894 835 1938 pugnauerat3
888 1894 926 1924 et

187 1942 358 1984 eiusdem
385 1940 645 1982 Mithridatico
675 1940 778 1982 bello
802 1940 928 1981 suerat

188 1999 356 2050 legatum
382 2008 419 2039 et
437 1997 671 2038 consulatum
685 1999 765 2038 eius
785 1999 927 2052 praeci-

187 2071 264 2113 pue
295 2055 431 2102 studio,
467 2066 581 2108 atque
616 2068 734 2109 opera
767 2054 926 2109 adeptus

188 2124 281 2153 erat..
308 2115 340 2152 is
369 2111 475 2151 ciuili
505 2111 609 2152 bello
637 2126 659 2151 a
691 2111 851 2152 Caesare
884 2114 926 2151 in

186 2169 369 2224 Hispania
386 2171 523 2217 vi&us‚
543 2180 582 2209 et
598 2168 796 2217 liberatus,
829 2170 927 2223 post-

189 2241 232 2266 ea
252 2236 379 2280 captus
397 2227 444 2265 ab
463 2225 599 2265 eodem
625 2227 667 2265 in
687 2225 828 2273 Africa,
853 2223 926 2264 dis·

188 2284 354 2324 senfione
374 2284 415 2321 in
429 2285 594 2322 exercitu
613 2293 710 2329 orta,
730 2297 815 2322 eum
836 2285 930 2322 Fau-

187 2341 258 2387 sto,
278 2338 402 2379 Sullae
430 2339 625 2380 dioiatoris
663 2338 760 2388 filio,
792 2341 845 2379 est
871 2341 929 2379 in·

186 2395 379 2439 affectus.

246 2465 474 2521 Affintitur]
514 2469 606 2506 Non
632 2470 766 2515 miror,
795 2466 928 2507 Volca-

189 2524 286 2564 tium
302 2522 526 2563 sententiam
549 2523 680 2563 dixiffe
717 2534 805 2564 ante
823 2523 931 2564 Afra-

188 2581 309 2629 nium,
330 2593 415 2618 cum
441 2579 619 2620 sexennio
643 2591 731 2621 ante
757 2579 926 2621 consula·

189 2646 272 2678 tum
291 2635 458 2686 geffiffet.

239 2713 510 2766 Suspicionem]
536 2713 637 2752 Nam
662 2712 741 2768 ipse
760 2713 924 2753 distimu-

183 2767 291 2811 'labat
311 2768 555 2826 cupiditatem
572 2768 692 2819 suam,
722 2780 770 2827 et
790 2770 926 2813 fauere

981 209 1148 251 Lentulo
1167 213 1385 262 videbatur,
1404 217 1511 255 euius
1541 218 1656 256 etiam
1681 218 1725 256 in

980 266 1113 308 senatu
1141 269 1302 309 cauffam
1333 269 1535 321 diligenter
1566 276 1608 313 in
1650 275 1726 328 pri·
1756 292 1762 300 =
1832 280 1838 291 ¹

981 326 1053 364 mis
1076 333 1214 374 egerat.
1251 326 1299 366 de
1339 327 1409 368 hac
1443 328 1655 383 suspicione
1683 332 1727 370 in

982 380 1140 435 epistola
1163 381 1347 436 sequenti,
1364 396 1402 425 et
1421 387 1462 424 in
1481 397 1518 427 2.
1544 385 1611 429 lib.
1624 400 1661 430 2.
1677 385 1728 427 ad

979 441 1034 488 Q
1047 439 1109 478 Fr.

1035 495 1277 545 Laboratur]
1336 495 1546 537 Difficultas
1579 501 1727 550 negotii

979 565 1060 590 non
1076 552 1153 591 fine
1175 552 1340 604 quadam
1361 555 1480 593 animi
1506 554 1727 596 sollicitudi-

980 622 1029 647 ne
1048 607 1272 656 ostenditur,
1294 619 1340 649 vt
1366 612 1408 649 in
1437 620 1626 661 extremo,
1652 627 1729 654 non

979 663 1255 705 laboraremus.

1041 721 1241 761 Inclinata
1260 733 1321 762 res
1337 719 1406 776 est]
1444 721 1728 775 Lepidatrans·

983 774 1091 816 latio.
1175 779 1317 817 Rerum
1349 780 1461 819 status
1489 778 1626 834 triplex
1652 783 1727 825 est:

982 843 1050 873 aut
1070 833 1172 872 enim
1203 836 1256 874 ita
1289 832 1326 873 se
1353 836 1508 884 habent,
1546 847 1591 876 vt
1615 836 1728 878 volu·

982 905 1082 938 mus,
1111 900 1149 930 et
1163 890 1271 942 stare
1304 901 1395 930 tunc
1424 892 1624 939 dicuntur;
1660 905 1726 936 aut

982 946 1118 994 aliter,
1149 960 1191 986 ac
1219 945 1420 997 volumus,
1449 959 1486 988 et
1514 951 1727 994 inclinatae

980 1001 1069 1057 esse5
1094 1013 1161 1043 aut
1181 1003 1336 1057 prorsus
1359 1016 1491 1046 contra
1523 1020 1637 1060 quam
1655 1022 1725 1049 vo-

981 1059 1121 1108 lumus,
1146 1070 1183 1099 et
1210 1062 1348 1101 iacere.

1038 1116 1204 1164 Libonis,
1224 1127 1262 1158 et
1280 1117 1463 1171 Hypsaei]
1508 1123 1724 1175 Vtrumque

983 1182 1079 1228 puto
1099 1174 1297 1214 tribunum
1322 1174 1443 1228 plebis
1465 1175 1549 1216 effe.
1576 1177 1624 1218 de
1649 1181 1724 1225 Hy·

985 1229 1096 1284 psaeo
1119 1229 1274 1283 quidem
1293 1231 1455 1272 affirmat
1471 1235 1548 1274 Dio
1568 1233 1634 1274 lib.
1658 1248 1724 1290 39.

981 1288 1041 1326 Est
1058 1297 1186 1327 autem
1210 1292 1248 1328 L.
1264 1289 1364 1328 Libo
1385 1290 1604 1332 Scriboniae
1636 1306 1726 1342 gen-

981 1345 1045 1391 tis,
1063 1345 1245 1398 Pompeio
1263 1347 1433 1400 primum
1461 1350 1641 1398 amicitia,
1661 1349 1719 1390 de·

981 1400 1071 1441 inde
1109 1403 1221 1441 etiam
1262 1401 1447 1444 affinitate
1487 1407 1723 1448 coniunetus.

981 1472 1070 1497 nam
1090 1473 1177 1497 eum
1197 1460 1277 1500 Sex.
1297 1461 1483 1514 Pompeii,
1495 1465 1563 1515 qui
1574 1477 1618 1503 ex
1629 1463 1726 1504 duo-

980 1515 1052 1555 bus
1073 1517 1245 1569 Pompeii
1263 1519 1393 1566 Magni
1423 1516 1511 1557 filiis
1543 1530 1635 1580 natu
1654 1524 1724 1561 mi-

982 1587 1058 1612 nor
1076 1571 1163 1620 fuit,
1184 1572 1354 1613 socerum
1372 1577 1546 1616 nominat
1567 1579 1643 1617 Dio
1654 1576 1721 1620 lib.

981 1636 1050 1684 43.
1074 1628 1321 1684 eiusdemque
1342 1628 1501 1671 alteram
1520 1633 1649 1682 filiam,
1661 1635 1725 1676 de-

981 1688 1725 1736 vifflsBruto,etCaffio,CaesarO&auia·

981 1757 1052 1782 nus
1063 1756 1223 1784 vxorem
1242 1744 1350 1785 duxit
1361 1743 1486 1799 :quod
1502 1749 1541 1786 in
1557 1751 1725 1800 Augusto
1773 1781 1775 1783 -
1837 1750 1840 1757 ’

982 1800 1090 1842 ς.62.
1108 1810 1146 1841 et
1173 1803 1216 1840 in
1243 1800 1345 1841 libro
1376 1801 1422 1842 de
1442 1802 1530 1844 clar.
1552 1809 1720 1848 Gramm.

981 1872 1011 1897 e.
1029 1869 1089 1910 19.
1107 1858 1309 1898 Suetonius
1325 1859 1507 1900 ostendit:
1535 1864 1640 1903 cuius
1657 1878 1723 1905 au·

982 1916 1173 1964 eternae,
1194 1925 1233 1955 et
1252 1915 1331 1970 ipsa
1358 1919 1472 1957 etiam
1503 1928 1721 1974 temporum

982 1973 1132 2011 ratione
1148 1986 1326 2022 moneor,
1355 1983 1398 2013 vt
1414 1975 1455 2013 in
1484 1977 1610 2018 Dione
1637 1993 1730 2029 non*

979 2025 1135 2076 Λίβωνος
1162 2035 1324 2079 ἀδελφὴν,
1343 2029 1405 2070 sed
1426 2029 1581 2077 Λίβωνος
1607 2037 1721 2083 θυγα·
1741 2033 1747 2035 ξ

980 2094 1067 2133 τὲμ
1101 2084 1305 2135 legendum
1344 2089 1561 2130 existimem.
1612 2093 1720 2145 quod

980 2151 1107 2181 tamen
1153 2145 1288 2183 Dionis
1337 2144 1518 2186 mendum
1565 2151 1722 2200 potius,

981 2213 1096 2252 quam
1114 2197 1276 2247 librarii,
1301 2211 1455 2255 oportet
1473 2202 1637 2247 credere.
1671 2209 1719 2246 In

981 2254 1086 2296 bello
1106 2256 1210 2296 ciuili
1237 2258 1459 2312 Pompeium
1477 2257 1633 2309 secutus,
1644 2265 1721 2316 pri-

984 2327 1090 2352 mum
1109 2315 1294 2361 Etruriae,
1323 2329 1425 2363 mox,
1457 2315 1546 2356 inde
1575 2317 1720 2372 pulsnt,

984 2369 1147 2409 nauibus
1212 2372 1489 2425 quinquaginta
1541 2375 1720 2427 praefuit.

983 2425 1121 2466 Florus
1142 2425 1207 2467 lib.
1218 2440 1259 2480 4.
1290 2443 1320 2468 c.
1344 2441 1381 2471 2.
1409 2431 1485 2469 Dio
1503 2428 1651 2486 lib.41.
1679 2444 1720 2474 et

986 2481 1129 2524 Caesar
1145 2481 1210 2523 lib.
1227 2493 1260 2526 ι.
1299 2484 1345 2524 de
1377 2484 1465 2526 bell.
1494 2489 1565 2527 ciu.
1601 2503 1630 2528 c.
1648 2492 1717 2534 26.

987 2550 1024 2579 et
1041 2539 1106 2580 lib.
1120 2549 1158 2591 3.
1179 2554 1209 2580 c.
1231 2553 1267 2595 5.
1292 2553 1354 2596 ις.
1381 2541 1483 2596 seqq.
1513 2544 1718 2587 Crudelem

978 2595 1101 2644 fuiffe,
1111 2610 1179 2636 nec
1195 2596 1381 2638 mediocri
1398 2601 1618 2641 obstrietum
1628 2616 1718 2643 aere

976 2652 1120 2702 alieno,
1146 2655 1284 2694 Cicero
1304 2655 1485 2705 fignificat
1511 2656 1576 2697 lib.
1598 2671 1637 2712 9.
1667 2659 1718 2700 ad

977 2712 1088 2750 Attic.
1113 2712 1217 2764 epist.
1239 2723 1302 2754 ιι.
1333 2712 1449 2770 ‚Quid
1472 2725 1539 2762 tn,
1578 2716 1720 2769 inquit,

977 2768 1064 2811 illic
1075 2767 1297 2822 Scspiomm,
1309 2768 1408 2826 quui
1423 2771 1611 2826 Faustum,
1623 2772 1721 2829 quid

1536 2828 1721 2873 Libonem

1848 3137 1863 3172 2.-
