1863 3172
269 110 336 149 IN
362 109 479 149 CIC.
509 109 697 150 EPIST.
727 110 847 151 FAM

162 220 367 275 Marcelh]
397 220 588 261 Consulis.

163 289 351 346 Impetus]
380 294 436 330 De
471 291 675 332 success‘ore
699 292 847 333 Caesari

107 350 148 388 in
169 347 307 388 Gallias
328 349 524 389 mittendo.
549 351 651 403 epist.
676 361 710 391 1.

166 419 414 472 Rqfiderunt]
446 423 701 469 Qieuerunt,
731 417 848 458 sedati

109 473 203 514 sunt.
231 475 348 514 Tusc.
376 488 410 526 3.
442 493 471 516 c.
491 490 552 519 12.
593 478 685 518 Cum
719 487 848 516 tumor

107 533 231 572 animi
275 533 475 588 rqlbdf'fflt.

163 616 338 668 Cotffi'lio]
393 617 529 666 Qiod,
557 617 748 657 aduersari
773 616 847 657 suis

107 672 268 712 consiliis
304 673 464 714 alterum
500 674 690 714 consulem
728 673 849 728 Sulpi-

105 731 207 769 cium
227 745 311 769 cum
339 731 581 780 intelligeret,
615 735 757 771 exitum
789 733 846 770 rei

106 785 331 840 desperaret.
362 790 413 826 ait
446 791 546 827 enim
572 792 773 828 Suetonius
802 791 844 827 in

103 842 204 884 Iulio
234 855 341 896 c.29.
390 845 545 885 Summa
588 859 652 897 ope
690 845 842 899 restitit,

98 903 248 955 partim
275 914 344 952 per
375 899 628 956 intercejſjbres
656 903 842 949 tribunos,

100 961 250 1011 partim
264 971 334 1010 per
352 959 526 997 Seruium
550 960 770 1011 Sulpicium,
786 962 841 999 al-

103 1026 230 1054 terum
247 1014 443 1064 consulem.
529 1017 570 1054 Et
591 1018 762 1068 Epitome
780 1019 841 1054 Li-

103 1072 216 1111 viana
236 1069 301 1109 lib.
321 1078 414 1120 108.
454 1071 716 1113 Contentiones
738 1077 840 1113 inter

103 1128 290 1178 cotfiales,
317 1128 365 1167 de
381 1126 583 1181 sttcceffore
614 1134 652 1168 c.
680 1127 842 1182 Caesari

101 1184 299 1224 mitt-endo.
382 1187 527 1224 Hirtius
556 1197 681 1224 autem
715 1185 779 1226 lib.
803 1194 838 1236 S.

103 1240 150 1280 de
169 1239 256 1284 bell.
278 1240 373 1280 Gall.
396 1258 424 1280 c.
440 1253 499 1295 53.
529 1243 745 1284 Marcellus
756 1256 839 1295 pro-

101 1300 204 1338 ximo
219 1313 330 1346 anno,
348 1314 432 1338 cnm
449 1302 691 1355 impugnaret
712 1301 839 1350 cafix-

99 1357 159 1394 ris
181 1355 421 1410 dignitatem,
441 1366 572 1395 contra
595 1357 710 1412 legem-
733 1359 836 1397 Pom-

95 1412 175 1465 peii
193 1423 231 1451 et
253 1411 380 1463 Crassi,
408 1414 597 1452 retulerat
625 1424 715 1453 ante
742 1423 838 1454 tem·

95 1480 170 1522 pus
198 1467 254 1508 ad
269 1469 453 1518 senatum
482 1469 528 1508 de
557 1470 724 1518 caissaris
747 1485 836 1522 pro·

100 1527 238 1565 vinciis
248 1526 534 1581 ,sententiisque
551 1525 677 1573 diflis,
703 1526 835 1578 disces:

87 1582 238 1633 stenem
248 1582 425 1633 fac-teme
445 1584 648 1628 Marcello,
677 1587 741 1638 qui
751 1583 836 1634 sthi

101 1652 243 1679 omnem
263 1639 492 1695 dignitatem
520 1653 567 1678 ex
587 1640 759 1689 Caesaris
781 1643 836 1680 in-

99 1694 210 1736 vids-a
236 1696 451 1748 quaerebat,
470 1695 631 1745 senatus
651 1696 837 1752 frequens

99 1754 141 1792 in
160 1754 238 1791 alia
258 1756 386 1793 omnia
403 1755 574 1792 transiit.
632 1754 765 1792 Cicero
784 1765 835 1792 et-

99 1811 176 1848 iam
207 1807 274 1848 lib.
292 1822 328 1861 4.
359 1811 461 1863 epist.
479 1819 510 1849 1.
533 1821 567 1849 2.
590 1819 622 1858 3.
663 1811 715 1848 ait
748 1825 834 1849 eum

100 1864 337 1905 defensore-m
382 1868 483 1920 pacis
540 1867 581 1904 in
640 1865 833 1906 consulatu

36 1928 41 1933 '
98 1921 220 1963 fuisse.

152 1990 399 2043 Incertzffima
463 1991 514 2045 ‘st
579 1992 832 2049 existimatio]

97 2049 254 2090 Prorsus
301 2051 520 2098 ignoratur,
557 2051 625 2101 qui
661 2049 832 2090 consules

92 2107 214 2148 futuri
243 2107 323 2145 fint.

149 2178 244 2230 Ego]
268 2177 419 2216 Petebat
437 2177 509 2214 hoc
539 2189 640 2215 anno
661 2176 831 2226 Coelius,

96 2243 134 2273 et
154 2235 323 2274 obtinuit
351 2232 593 2272 aedilitatem.

851 139 860 148 .
890 111 1000 150 LIB.
1035 112 1138 154 VIII.
1179 115 1373 157 EPIST.
1403 121 1473 161 111.

1570 132 1652 176 527

970 222 1149 265 Nobilem
1169 229 1360 282 agentem]
1442 234 1533 270 Non
1559 247 1649 274 vere

911 279 1104 328 nobilem,
1133 281 1193 322 sed
1223 288 1288 337 qui
1318 285 1353 326 se
1383 288 1552 329 nobilem
1579 291 1647 330 fin·

907 348 1026 385 geret.

959 394 1020 432 M.
1042 395 1242 448 Oflcmffl]
1300 401 1376 447 Qu
1399 416 1482 440 cum
1505 403 1642 444 Coelio

904 448 1036 487 aedilis
1056 451 1194 490 curulis
1216 453 1367 493 videtur
1390 470 1547 500 creatus.
1577 461 1642 501 lib.

907 521 943 555 ς.
973 507 1019 543 ad
1051 510 1158 546 Attic.
1198 512 1300 562 epist.
1319 524 1382 552 21.

958 565 1024 601 Cn.
1046 561 1105 615 R]
1134 566 1250 604 Patris
1277 581 1417 607 nonen
1446 570 1570 619 addit,
1601 584 1641 612 vt

903 630 989 656 eum
1012 620 1147 660 Cicero
1161 622 1344 670 agnoscat.
1376 639 1418 662 cx
1445 640 1522 679 quo
1539 640 1640 682 patet

903 673 949 711 de
971 688 1016 712 eo
1040 677 1125 724 dici,
1146 692 1224 716 non
1250 680 1295 718 <le
1316 681 1448 729 Hirro,
1479 688 1641 738 nubc'lem

902 743 1084 782 agema-m.

954 789 993 826 C.
1017 789 1178 843 Hirrus]
1206 793 1385 832 Lucceiae
1407 798 1538 843 gentili.
1569 813 1636 837 n0ae

899 845 1066 883 minatur
1085 847 1124 884 in
1138 849 1282 887 lenaeus
1303 851 1472 890 consulto
1483 856 1585 906 epist.
1600 862 1636 903 8.

952 903 1118 953 Propter
1139 906 1320 960 Hirrum]
1378 910 1495 947 Cuius
1511 912 1635 964 repul-

897 955 954 994 sae
985 963 1164 998 nuncium
1191 963 1301 1000 avide
1323 978 1343 1001 a
1369 975 1404 1002 te
1431 965 1634 1019 exspeeiari

897 1013 991 1052 seio:
1020 1018 1113 1054 cur?
1153 1020 1242 1070 quia
1260 1022 1456 1061 Ciceronis
1485 1038 1632 1079 compe-

897 1073 989 1110 titor
1009 1071 1133 1111 fuerat
1160 1078 1199 1112 in
1227 1089 1423 1126 auguratu.
1452 1082 1554 1133 epist.
1586 1082 1634 1122 se·

897 1141 1043 1180 quenti,
1064 1141 1098 1167 et
1120 1141 1156 1182 9.

953 1185 1184 1241 Pantheras]
1219 1191 1321 1237 Quas
1344 1204 1364 1229 e
1391 1189 1521 1231 Cilicia
1549 1195 1632 1234 mit·

896 1242 924 1279 ti
948 1255 968 1278 a
989 1244 1174 1281 Cicerone
1196 1249 1382 1298 cupiebat,
1402 1260 1442 1287 vt
1481 1264 1540 1288 eas
1563 1265 1630 1304 po·

895 1296 987 1350 pulo
1007 1298 1077 1337 suis
1097 1298 1194 1338 ludis
1224 1303 1339 1343 daret.
1380 1305 1489 1344 binos
1518 1306 1628 1346 ludos

893 1355 1031 1393 aediles
1062 1356 1212 1406 dabant,
1250 1360 1466 1410 Megalesia,
1500 1376 1536 1402 et
1559 1367 1631 1404 Ro-

893 1426 1045 1450 manos:
1075 1415 1114 1450 in
1136 1417 1274 1466 quibus
1302 1420 1403 1456 varia
1426 1420 1629 1461 bestiarum

892 1482 1043 1518 genera,
1066 1474 1302 1525 maximeque
1323 1476 1346 1513 fi
1367 1476 1524 1527 pollent,
1544 1480 1628 1517 inu-

892 1527 1007 1573 fitam,
1023 1540 1101 1578 quo
1120 1528 1282 1580 populus
1303 1532 1530 1572 iuctmdiore
1551 1534 1628 1588 spe-

891 1581 1037 1621 &aculo
1081 1582 1285 1633 frueretur,
1319 1587 1543 1632 offerebant.
1583 1594 1626 1631 in

890 1641 936 1678 iis
962 1640 1167 1692 pantherae
1188 1642 1315 1690 fuere,
1345 1644 1554 1695 Africanae,
1589 1660 1626 1688 et

892 1699 1077 1744 Graecae,
1112 1698 1150 1736 id
1183 1701 1305 1739 est-ex
1334 1702 1381 1739 iis
1403 1704 1625 1752 regionibus

889 1753 1091 1800 aduee‘me,
1119 1768 1280 1806 quarum
1311 1756 1456 1797 incolae
1487 1763 1628 1801 Graece

888 1808 1158 1862 loquerentur:
1188 1814 1226 1850 in
1250 1815 1388 1865 quibus
1407 1814 1550 1865 Cilicia,
1565 1820 1624 1857 Ci-

889 1869 1037 1905 ceronis
1059 1870 1269 1919 prouincia,
1288 1869 1371 1909 fuit.
1405 1873 1494 1911 ideo
1521 1877 1622 1927 epist.

891 1926 928 1965 6.
956 1935 1079 1975 turpe,
1101 1926 1239 1976 inquit,
1259 1926 1332 1966 tihi
1359 1931 1446 1977 erit,
1467 1931 1623 1981 panthe-

889 1994 956 2018 ras
968 1980 1139 2020 Graecas
1150 1996 1206 2022 me
1226 1997 1297 2021 non
1309 1984 1449 2023 hahere.
1470 1988 1571 2038 epist.
1583 2001 1619 2039 4.

891 2043 926 2085 8.
946 2049 984 2089 9.
1005 2048 1042 2076 et
1071 2036 1136 2075 lib.
1161 2052 1207 2079 2.<
1224 2042 1324 2091 epist.
1349 2051 1363 2080 t
1379 2053 1409 2080 1.
1439 2053 1475 2080 et
1502 2043 1618 2095 lib.5.

887 2093 934 2131 ad
955 2095 1064 2132 Attic.
1083 2096 1185 2147 epist.
1203 2096 1267 2135 vlt.
1297 2095 1361 2136 lib.
1383 2100 1421 2140 6.
1451 2098 1498 2137 ad
1529 2114 1620 2139 eun-

887 2149 971 2189 dem
993 2152 1094 2203 epist.
1118 2162 1152 2191 1.

940 2207 1197 2262 Syngrapham
1211 2208 1437 2258 Sittianam]
1468 2213 1517 2250 Ex
1543 2225 1618 2264 qua

885 2265 1098 2311 exigeretur
1117 2276 1137 2301 a
1159 2264 1267 2302 Sittio
1298 2269 1477 2316 pecunia,
1506 2282 1619 2320 quam

154 2318 349 2371 Nobilem]
379 2320 421 2357 C.
442 2319 613 2365 Hirrum,
643 2319 709 2370 qui
734 2332 829 2357 non·
882 2321 923 2358 in
942 2317 1141 2358 aedilitatis
1160 2320 1344 2372 impensas
1363 2322 1514 2362 Coelius
1535 2339 1618 2364 ero·

91 2377 180 2417 dum
208 2375 397 2416 aedilitius
421 2386 642 2423 auguratum
663 2389 746 2413 cum
767 2377 829 2414 Ci-
881 2386 996 2425 garet.
1035 2377 1137 2429 epist.
1154 2389 1192 2428 4.
1212 2384 1248 2424 8.
1271 2389 1308 2428 9.
1482 2388 1491 2404 ·

91 2448 230 2475 cetone
255 2431 441 2473 consulari
460 2441 588 2485 petere
603 2430 713 2470 ausus
733 2444 824 2471 erat.

936 2432 1167 2484 Commendo]
1181 2435 1240 2471 Ne
1251 2432 1389 2473 solutIo
1407 2433 1617 2477 differatur.

584 2545 1009 2587 EPISTOLAE
1058 2545 1127 2582 111.

435 2633 1241 2681 ARGVMENTVM.

219 2714 460 2766 Principium
478 2710 648 2765 epistolae
667 2711 813 2751 morale
832 2711 896 2764 est.
912 2712 1115 2769 fignificat
1135 2715 1236 2753 enim
1262 2718 1405 2758 Coelius
1443 2728 1481 2757 et
1496 2718 1614 2769 fitam

89 2774 130 2813 in
142 2770 346 2825 scribendo
363 2768 620 2825 diligentiam,
647 2777 687 2808 et
709 2780 782 2825 quo
797 2769 987 2810 caecerom's
1005 2769 1183 2822 ‚absentis
1209 2769 1398 2826 defiderio
1424 2785 1615 2818 teneatur,

1454 2830 1610 2872 Deinde
