1863 3172
223 175 307 216 242

226 294 263 322 et
291 275 493 328 vsurpatur
518 275 569 312 ita
594 271 723 325 saepe,
751 279 794 309 vt
819 270 896 308 iam
924 270 965 308 in

431 159 652 200 PAVLLI
689 158 981 198 MANVTII
1017 160 1539 203 COMMENTARIVS
1557 192 1566 197 .

1021 271 1172 310 verbis:
1215 269 1342 320 Velim,
1372 274 1560 330 reliquum
1588 273 1691 330 quod
1717 273 1769 328 5st
1800 284 1806 287 ”

226 335 375 393 proprii
394 331 476 371 fere
490 330 600 369 verbi
619 338 795 366 naturam
815 327 966 365 tranfie-
1000 349 1006 353 ·
1017 326 1190 383 promg‘ffi
1201 342 1247 367 ac
1263 330 1432 370 m'uneris
1451 334 1522 381 tui,
1557 331 1651 370 mihi
1682 343 1770 383 per-

226 397 295 435 tin
335 392 465 441 itaque
498 384 595 425 nihil
634 383 842 431 interdum,
870 381 967 431 mol·
1011 385 1158 436 soluas.

226 447 345 490 liendi
365 443 498 492 caussa,
518 443 654 482 Cicero
676 442 893 495 praeponit,
923 451 966 480 vt

227 507 292 547 lib.
307 519 342 545 2.
364 503 468 556 epist.
483 507 520 550 8.
576 497 653 538 Abs
681 508 718 538 te
731 496 879 550 futura
905 511 969 537 ex-

226 561 359 617 speHO,
382 570 425 599 vt
445 572 491 599 ex
509 557 585 597 tuis
607 555 751 594 litteris
780 569 864 593 cum
879 552 964 606 for·

216 607 329 660 ‘mam
365 614 596 669 reipublicae
635 609 842 658 viderim,—
856 611 966 668 quale

227 673 444 728 aedificium
454 671 640 725 futurum
654 667 734 722 fit,
757 667 862 722 scire
885 667 967 720 pqs·

223 734 307 785 ἤδη.

283 783 563 832 Communium]
622 783 731 830 Qlae
757 778 805 818 ad
833 786 966 819 omnes

222 861 343 901 aeque
361 842 564 898 pertinent.
929 895 936 903 .

280 907 413 961 Qum
429 897 629 948 timebam]
666 897 752 934 Hoc
770 907 896 942 anno,
926 893 967 932 1d

223 964 275 1002 est
299 954 482 1000 L.Paullo
501 956 555 994 M.
575 950 759 991 Marcello
788 949 875 990 coff.
898 949 969 989 dis-

223 1020 339 1059 fidere
361 1013 489 1067 coepit
515 1011 543 1050 a*
570 1008 730 1048 Caesare
750 1010 968 1062 Pompeius,

223 1077 305 1116 sero
329 1075 480 1116 timens,
501 1081 615 1121 quem
643 1065 723 1120 ipse
744 1079 829 1104 cum
857 1074 968 1103 antea

222 1135 392 1186 semper,
419 1137 500 1167 tum
529 1125 689 1164 biennio
717 1133 805 1161 ante
836 1120 967 1160 consul

223 1193 377 1231 tertium
406 1193 572 1224 auxerat.
595 1179 663 1219 lib.
677 1183 715 1223 6.
740 1180 844 1232 epist.
855 1181 894 1220 6.

277 1260 441 1302 Maiora
453 1251 670 1309 praestdia]
749 1251 873 1289 Potest
892 1249 967 1288 hoc

222 1330 378 1372 quoque
398 1312 446 1354 ad
474 1309 570 1351 illud
601 1308 752 1355 referri.
783 1320 898 1364 quam
918 1309 967 1346 ti-

220 1376 377 1417 mebam.
734 1404 739 1409 ,

278 1434 324 1472 Se
345 1428 399 1470 ad
418 1420 771 1482 Pompeii-dublum
800 1420 967 1472 applica-

220 1490 384 1540 verunt]
440 1488 491 1524 Vt
524 1481 741 1534 Pompeiu5‚
773 1488 968 1530 tamquam

222 1548 312 1594 dux,
335 1543 464 1584 omnia
494 1552 652 1589 regeret.

284 1595 588 1653 Rempuhlt'cam]
628 1597 736 1643 Qlae
764 1592 969 1646 putabatur

225 1659 297 1701 esse
317 1662 356 1698 in
389 1655 560 1710 partibus
582 1652 765 1704 Pompeii.

284 1728 406 1782 Nam]
448 1724 565 1771 Alibi,
596 1737 699 1770 nam,
731 1718 891 1760 cauffam
912 1721 971 1759 rei

226 1786 482 1832 antecedentis
533 1781 786 1825 demonstrat,
832 1778 893 1817 hic
922 1776 970 1815 ad

226 1848 339 1889 aliam
360 1841 583 1882 sententiam
612 1838 808 1877 transiicit.
843 1845 884 1873 vt
904 1833 970 1873 lib.

232 1920 267 1948 1.
288 1903 389 1956 epist.
411 1911 450 1952 9.
487 1897 605 1949 biam
635 1894 683 1935 de
711 1893 837 1945 Appio
871 1889 974 1945 quod

220 1960 375 2020 scribit.
417 1967 454 1995 et
478 1953 543 1993 lib.
566 1967 604 1995 2.
630 1952 733 2005 epist.
757 1951 820 1991 16.
850 1948 972 1995 Nam,

230 2016 333 2077 quod
349 2026 475 2070 rogas,
506 2022 549 2050 vt
577 2010 776 2062 respiciam
785 2018 970 2062 generum

231 2088 366 2118 memn.
411 2067 537 2108 Etlib.
559 2079 599 2119 7.
630 2067 732 2119 epist.
747 2075 808 2117 32.
854 2062 971 2108 Nam,

232 2134 277 2175 dc
297 2128 448 2171 iudiciis
470 2123 572 2181 qnod
581 2124 764 2179 quereris,
781 2120 898 2159 multo
917 2119 974 2158 la-

234 2191 323 2232 boro
345 2186 483 2225 minus.

290 2254 512 2314 Augurales
531 2249 666 2304 libros]
704 2252 811 2298 Qtos
833 2249 975 2301 Appius

239 2319 284 2358 de
319 2319 401 2354 iure
448 2308 621 2358 augurali
665 2306 712 2345 ad
749 2308 976 2345 Ciceronem

240 2371 443 2426 scripserat.
476 2367 578 2420 epist.
598 2378 637 2418 4.
671 2375 705 2403 et
726 2377 764 2417 9.
798 2362 844 2401 ad
866 2363 975 2401 Attic.

239 2443 365 2474 autem
382 2427 446 2466 lib.
464 2437 526 2465 10.
537 2423 638 2475 epist.
653 2428 688 2470 g.
720 2420 909 2472 Auguria‚'
919 2421 974 2457 in-

242 2490 338 2544 quit,
361 2499 415 2523 me
440 2483 606 2521 incitant
636 2476 804 2533 quadum
816 2476 884 2528 spe
904 2489 976 2515 non

243 2544 373 2590 dubia,
400 2553 472 2578 non
500 2538 587 2576 haec
615 2535 761 2590 collegii
787 2532 902 2586 nostri
931 2531 979 2572 ab

243 2601 377 2654 Appio,
395 2593 463 2643 fed
486 2595 557 2632 illa
589 2592 761 2630 Platonis
787 2588 833 2629 de
852 2600 980 2637 tyran-

239 2662 313 2699 otis.

302 2727 382 2767 Tua
413 2715 607 2775 promi-ffb]
664 2716 845 2769 Reliquos
865 2731 981 2767 augu-

245 2784 340 2826 raies
371 2780 511 2824 libros,
551 2778 676 2828 primo
718 2786 828 2813 antea
856 2774 979 2821 misto,

245 2855 341 2896 quos
361 2840 496 2878 Cicero
526 2833 628 2886 epist.
650 2843 689 2886 9.
728 2833 887 2884 petierat
920 2831 977 2870 his

371 2653 496 2692 Festus
522 2651 562 2687 in
580 2644 701 2688 verbo
730 2646 982 2700 Solliflimnm.
1012 2654 1014 2656 '

1081 443 1144 480 Ad
1163 439 1313 495 vrbem]
1371 445 1514 482 Eorum
1538 459 1668 492 more,
1699 445 1768 496 qui

1025 512 1069 537 ex
1093 499 1295 550 prouincia
1320 512 1406 536 cum
1430 502 1595 554 imperio
1628 503 1768 546 reuersi

1024 553 1071 594 ad
1093 557 1227 594 vrbem
1249 553 1475 608 exspec‘iant‚
1495 568 1537 603 γε
1556 561 1608 596 eis
1635 560 1768 597 trium-

1020 612 1117 665 phus
1156 611 1392 650 decernatur.
1434 615 1537 666 epist.
1561 622 1597 662 g.
1654 616 1768 654 Vide-

1021 669 1121 716 bam,
1142 681 1179 708 te
1197 668 1294 707 hanc
1314 669 1522 723 epistolam,
1537 685 1622 710 cum
1640 671 1694 711 ad
1702 686 1769 711 vr-

1023 724 1103 765 bem
1126 723 1224 780 effes,
1242 722 1308 779 est}
1333 725 1537 766 lefturum.

1081 793 1371 850 Otiqfiffirnum]
1454 799 1561 842 Non,
1582 805 1624 835 vt
1640 798 1767 849 postea

1025 855 1222 902 cognouit,
1251 853 1498 892 accusationis
1531 866 1619 891 cura
1649 855 1769 905 impe-

1025 910 1158 948 ditum.
1204 923 1248 948 ex
1282 923 1360 961 quo
1388 910 1530 949 diutius
1565 909 1612 948 ad
1633 912 1769 950 vrbem

1025 966 1147 1005 otiose
1167 979 1390 1019 permanere
1410 969 1535 1021 Appio
1548 982 1626 1006 non
1639 966 1767 1013 licuit;

1025 1024 1101 1070 sed,
1124 1024 1270 1062 abiec‘ta
1291 1025 1476 1077 triumphi
1497 1023 1768 1078 postulatione,

1024 1079 1448 1129 vrbeiu-ingreffusfest.
1473 1082 1539 1120 lib.
1555 1088 1588 1130 8.
1611 1083 1713 1134 epist.
1729 1084 1768 1125 6.

1081 1151 1284 1190 Orationes
1299 1155 1408 1203 tuas]
1438 1151 1508 1191 Vel
1521 1167 1612 1205 quas
1633 1154 1768 1193 habuit

1018 1221 1095 1261 pro
1122 1207 1158 1246 se
1186 1206 1271 1261 ipso
1299 1209 1340 1246 in
1373 1211 1574 1248 maiestatis
1607 1210 1766 1257 iudicio,

1024 1279 1102 1318 quo
1127 1275 1207 1303 erat
1225 1256 1442 1305 absolutus:
1470 1266 1530 1305 vel
1547 1268 1686 1319 quibus
1702 1281 1768 1306 an-

1024 1333 1083 1361 tea
1107 1323 1235 1361 varias
1260 1322 1399 1361 cauffas
1420 1323 1654 1363 defenderat.
1678 1338 1769 1364 nam

1025 1393 1113 1418 eum
1138 1381 1179 1417 in
1207 1382 1326 1419 Bruto
1359 1395 1388 1418 c.
1408 1392 1474 1433 77.
1510 1383 1684 1425 nominat
1705 1384 1769 1421 Ci-

1025 1450 1113 1475 cero
1135 1438 1236 1475 inter
1257 1448 1444 1482 oratore5‚
1476 1452 1516 1476 ac
1553 1437 1685 1477 laudat
1708 1439 1767 1476 his

1024 1494 1176 1532 verbis:
1215 1495 1291 1546 Ap.
1325 1492 1525 1534 Claudius.
1555 1496 1700 1551 collega
1729 1506 1769 1536 et

1018 1550 1241 1604 ficmiliaris
1259 1564 1372 1596 meus,
1391 1561 1430 1588 et
1444 1551 1550 1601 sutis
1562 1552 1769 1604 studiosus,

1025 1617 1063 1647 et
1097 1605 1209 1647 valde
1236 1621 1321 1646 cum
1349 1607 1500 1656 doc'tus,
1539 1619 1623 1648 tum
1650 1611 1770 1649 etiam

1026 1665 1259 1704 exercitatus
1279 1675 1424 1710 orator,
1441 1676 1480 1702 et
1494 1680 1579 1704 cum
1598 1678 1771 1721 augura-

1026 1722 1087 1766 lis,
1108 1732 1187 1760 tum
1219 1721 1338 1759 omnis
1357 1722 1505 1773 publici
1532 1724 1641 1769 iaris,
1666 1724 1770 1762 anti·

1026 1779 1262 1834 quitatis-que
1280 1778 1426 1829 nostrae
1449 1777 1535 1817 bene
1550 1781 1710 1831 peritus.

1087 1849 1256 1902 Tullius]
1298 1851 1392 1888 Non
1428 1849 1581 1889 videtur
1608 1850 1669 1889 hic
1695 1850 1772 1892 effe,

1027 1909 1070 1945 L.
1090 1904 1249 1944 Tullius
1274 1904 1431 1955 legatus,
1456 1906 1501 1946 de
1522 1921 1599 1959 quo
1624 1906 1689 1947 lib.
1708 1921 1770 1955 ις.

1030 1964 1132 2015 epist.
1145 1976 1184 2016 4.
1215 1973 1252 2002 et
1282 1962 1347 2002 lib.
1365 1977 1399 2017 5.
1443 1963 1490 2002 ad
1523 1966 1632 2003 Attic.
1663 1966 1768 2018 epist.

1027 2032 1065 2072 4.
1084 2031 1228 2061 11.21.
1257 2018 1318 2059 sed
1348 2023 1476 2074 potius
1501 2035 1544 2060 ex
1575 2021 1775 2062 familiari-

1029 2077 1100 2115 bus
1134 2078 1261 2130 Appii,
1295 2077 1400 2130 quod
1429 2080 1625 2117 Ciceronis
1651 2081 1770 2131 verba

1031 2132 1298 2172 demonstrant.
1326 2132 1434 2173 fuere
1452 2138 1569 2184 igitur
1598 2138 1769 2188 quinque

1030 2189 1332 2244 Tullii‚praeter
1345 2194 1568 2231 Ciceronem
1588 2195 1771 2234 nostrum.

1030 2248 1104 2295 hic,
1122 2246 1318 2287 familiaris
1340 2251 1465 2302 Appii,
1492 2261 1528 2288 et
1545 2252 1587 2288 L.
1610 2251 1652 2288 T
1657 2249 1770 2290 uilius

1030 2303 1187 2354 legatus,
1216 2315 1252 2344 et
1283 2307 1336 2343 M.
1365 2304 1524 2345 Tullius
1551 2305 1694 2356 scriba,
1723 2308 1771 2348 de

1031 2375 1110 2414 quo
1131 2360 1197 2401 lib.
1212 2375 1246 2415 5.
1267 2363 1370 2414 epist.
1386 2374 1448 2404 20.
1475 2363 1511 2402 et
1543 2365 1583 2402 L.
1609 2363 1770 2404 Tullius

1030 2421 1249 2467 Montanus,
1274 2418 1319 2458 de
1337 2433 1416 2473 quo
1437 2418 1502 2460 lib.
1522 2433 1581 2462 ιε’..
1600 2421 1647 2460 ad
1657 2424 1772 2463 Attic.

1033 2477 1136 2529 epist.
1158 2488 1221 2530 52.
1615 2516 1619 2522 .

1090 2548 1160 2586 Bis
1179 2545 1234 2587 ad
1250 2545 1471 2603 testripst]
1505 2551 1606 2587 Duas
1637 2551 1770 2603 episto-

1035 2602 1090 2642 las
1114 2606 1306 2653 fignificat,
1339 2611 1373 2652 8.
1403 2615 1441 2644 et
1466 2615 1522 2644 ιο.
1560 2608 1601 2644 in
1633 2608 1772 2656 quibus

1036 2659 1174 2700 leuiter
1194 2663 1360 2714 Appium
1387 2662 1674 2715 accusat,·quod
1703 2665 1774 2702 im-

1037 2718 1250 2770 proborum
1286 2717 1520 2758 sermonibus
1557 2718 1773 2767 crediderit.

1038 2789 1126 2812 nam
1155 2775 1201 2813 de
1223 2777 1345 2815 vitato
1377 2774 1570 2825 congressu
1596 2779 1773 2829 queritur

1036 2833 1139 2886 epist.
1175 2834 1213 2875 6.
1273 2830 1320 2871 de
1367 2836 1629 2887 Appianorum
1676 2848 1773 2874 vero

1645 2889 1773 2931 aedifi-
