1863 3172
291 58 361 98 IN
394 56 509 97 CIC.
538 57 728 99 EPIST.
757 59 891 98 FAM.
918 58 1031 101 LIB.
1052 60 1081 98 Ι.
1120 59 1313 99 EPIST.
1343 61 1409 103 IX.

81 169 213 212 laestra
232 172 410 221 gymnasii
440 183 524 224 pars
547 172 601 211 fit.
660 172 822 224 Aliptas

80 232 175 269 ver'o
195 242 266 282 pro
293 229 533 277 vndioribus,
561 231 721 282 proprio
741 227 820 267 sen-

79 285 136 333 su,
158 284 265 338 saepe
285 284 482 340 vsurpauit
512 284 667 326 Coelius
702 287 818 325 Aure-

76 340 213 383 lianus.

75 429 77 432 ’
136 427 178 468 V
173 428 294 467 irium
315 437 354 468 et
380 428 517 469 coloris
542 429 732 468 rationem
757 426 821 468 ha-

73 483 163 526 bere
181 481 394 540 voluf'ffent]
422 485 464 524 Id
485 487 548 533 est,
574 496 615 524 vt
644 499 704 524 me
738 496 817 523 non

73 540 198 581 solum
219 543 266 581 ab
299 541 442 582 exsulio
470 540 726 589 reuocafl‘cnt,
753 540 816 580 sed

72 600 268 653 pristinam
289 598 395 638 fimul
414 612 498 637 cum
517 597 632 637 salute
651 598 811 648 dignita·

73 666 151 696 tem
175 658 369 696 restituere
389 652 602 695 voluiss'ent.
617 655 700 695 Lib.
712 669 751 709 4.
764 654 811 694 ad

71 716 182 754 Attic.
212 715 364 768 epist.2.
449 711 535 768 Qui
562 712 655 752 mihi
675 715 813 765 pinnas

72 769 303 820 inciderant,
329 769 466 811 nolunt
483 768 635 809 easdem
654 770 811 821 renosci.

129 855 262 906 Nunc]
293 857 378 903 Pro,
383 856 468 905 sed,
491 864 533 894 vt
552 854 617 895 lib.
633 866 668 896 1.
689 854 735 894 de
745 856 810 894 Di·

69 914 149 953 vin.
174 925 290 966 c.⁴29.
370 913 484 968 Qae
512 911 664 968 quidem
691 913 812 952 multo

64 970 186 1024 plura
204 971 413 1017 euenirent,
430 967 483 1022 fi
495 968 551 1009 nd
572 971 735 1025 quietem
753 970 809 1008 in-

68 1027 172 1082 tegri
198 1028 350 1066 iremus.
391 1040 489 1066 nunc
511 1026 631 1081 omgsti
659 1025 739 1065 cibo
772 1036 810 1065 et

16 1082 22 1086 ’
68 1086 171 1130 vino,
183 1082 415 1136 perturbata
436 1093 474 1121 et
496 1083 654 1134 confusa
689 1083 822 1122 cerni-.

67 1153 163 1179 mus.
218 1143 261 1179 Et
304 1141 345 1178 in
379 1141 581 1192 prooemio
616 1138 733 1178 Tusc.
771 1152 808 1192 3.

70 1196 189 1236 Nunc
201 1198 387 1250 paruulos
406 1194 505 1234 nohis
527 1207 673 1236 natura
703 1195 810 1235 dedit

66 1255 266 1308 igniculos.
294 1263 330 1292 et
348 1251 442 1291 alibi
467 1251 585 1306 saepe.
669 1254 808 1293 Graeci

68 1323 223 1362 quoque
251 1309 304 1350 νῦν
321 1324 393 1365 pro
414 1314 503 1348 ἀλλὰ
532 1310 668 1349 crebro
698 1308 803 1349 vsur-

65 1375 169 1421 pant.

122 1436 290 1489 Apelles]
343 1434 461 1482 Cous,
483 1435 664 1490 pingendi
684 1437 801 1475 mirus

63 1494 213 1540 artifex,
233 1494 293 1531 cui
313 1490 475 1544 palmam
502 1496 543 1532 in
564 1495 636 1532 hoc
663 1508 801 1543 genere

65 1550 202 1590 detulit
239 1552 454 1602 antiquitas.
540 1549 682 1589 Dilexit
712 1565 799 1591 eum

61 1609 275 1662 praecipue,
288 1609 469 1659 pingique
491 1608 538 1645 ab
563 1622 642 1646 vno
662 1606 798 1655 voluit,

63 1675 106 1704 vt
131 1679 152 1704 a
184 1662 383 1712 Pyrgotele
420 1662 544 1716 scalpi,
579 1678 600 1702 a
638 1666 797 1717 Lyfippo

63 1723 168 1772 fingi,
195 1734 215 1758 a
244 1722 374 1760 ceteris
411 1720 535 1760 edieto
564 1723 685 1760 vetuit
716 1721 799 1760 Ale·

60 1781 203 1818 xander
221 1776 286 1816 ille
303 1776 474 1817 Macedo.
505 1776 649 1816 Plinius
671 1776 737 1816 lib.
755 1790 796 1830 7.

62 1849 93 1874 c.
108 1847 170 1890 37.
192 1845 229 1873 et
247 1833 313 1873 lib.
328 1845 391 1886 37.
409 1848 438 1872 c.
454 1845 486 1874 1.
525 1837 706 1874 Horatius
729 1832 795 1874 lib.

58 1908 98 1937 2.
116 1894 218 1946 epist.
236 1903 270 1932 1.
290 1901 326 1929 et
344 1890 404 1929 hic
419 1892 543 1929 noster
553 1889 617 1930 lib.
634 1904 668 1944 5.
694 1894 796 1944 epist.

62 1963 122 1992 12.
151 1959 188 1989 et
223 1947 289 1987 lib.
315 1959 352 1988 2.
381 1946 428 1986 ad
458 1949 568 1987 Attic.
602 1950 704 2001 epist.
725 1959 794 1989 21.

55 2009 229 2063 inssruto
250 2019 279 2044 c.
295 2010 358 2051 18.
378 2003 442 2043 lib.
457 2017 492 2056 3.
517 2004 563 2044 de
586 2006 692 2044 Orat.
715 2019 733 2042 c
754 2016 794 2057 7.

57 2075 97 2104 et
119 2062 195 2102 alii.

115 2148 291 2197 Veneris]
336 2150 444 2195 Qxae
463 2160 538 2186 vna
554 2149 717 2186 maxime
734 2149 792 2186 in-

57 2217 115 2247 ter
144 2203 284 2258 Apellis
323 2218 440 2256 opera
478 2203 663 2242 excelluit.
698 2203 790 2243 cele-

55 2265 189 2304 bratur
207 2275 228 2299 a
246 2262 430 2300 Cicerone
458 2258 524 2299 lib.
546 2272 592 2300 2‘.v
611 2260 658 2299 ad
679 2263 790 2301 Ata-ic.

54 2321 245 2373 epist.'2=.
273 2316 386 2366 lib.3.
406 2317 453 2355 de
481 2316 589 2356 Offic.
614 2331 693 2358 c.2.
723 2316 789 2357 lib.

57 2388 91 2418 1.
117 2375 162 2414 de
192 2375 321 2413 Diuin.
345 2388 374 2411 c.
401 2386 464 2425 13.
499 2376 540 2411 in
559 2375 667 2414 Orat.
704 2388 786 2416 c.2.

50 2432 116 2472 lib.
138 2446 168 2474 ι.
199 2431 245 2469 de
265 2433 352 2470 Nat.
387 2432 502 2470 Deor.
522 2445 552 2469 c.
575 2443 639 2484 27.
661 2429 727 2471 lib.
746 2445 787 2484 4.

49 2491 91 2529 in
125 2493 212 2529 Ver.
252 2502 281 2525 c.
304 2490 370 2529 60.

103 2561 330 2613 Politiffima
348 2559 452 2612 arte]
498 2563 573 2601 Cui
593 2562 689 2602 nihil
719 2561 780 2602 de-

44 2621 147 2668 effer,
167 2619 344 2671 exquilita
369 2619 410 2656 in
440 2619 587 2670 primis,
616 2630 653 2660 et
676 2633 779 2668 egre-

42 2680 116 2729 gia.
156 2678 201 2715 fic
236 2676 399 2728 politum
421 2673 626 2728 iudicium,
651 2678 778 2731 polita

37 2734 225 2784 doctrina,
248 2733 399 2789 politus·
409 2731 524 2772 homo.

1543 75 1624 117 1Q9

935 170 1174 223 Inchoatam]
1196 174 1419 215 Inchoatum
1439 179 1502 225 est,
1515 179 1622 231 quod

878 228 1066 279 principia
1095 240 1239 269 tantum
1270 231 1395 272 habet.
1426 234 1471 272 fic
1493 234 1559 276 lib.
1585 249 1619 288 3.

879 282 925 320 de
945 283 1053 322 offic.
1073 299 1101 323 c.
1115 300 1153 327 2.
1185 288 1240 326 Vt
1257 302 1362 329 nemo
1386 289 1510 343 piHor
1534 292 1620 348 effic

876 341 1075 387 inuentus,
1105 344 1172 398 qui
1203 344 1298 384 Coae
1340 347 1497 389 Veneris
1531 364 1618 391 eam

868 406 1047 448 partem,
1083 411 1199 454 quam
1224 403 1372 453 Apelles
1398 406 1616 447 inchoatam

872 451 1092 509 reliquisti-t,
1115 455 1342 510 abfilueret.

929 523 1119 578 Reliquit]
1200 528 1456 581 lnexspe&ata
1488 542 1616 576 morte

871 581 1077 632 oppressus.

925 638 972 676 In
991 640 1114 693 cypite
1132 642 1230 690 mco]
1268 643 1366 690 Qtia
1387 642 1513 683 salutis
1533 656 1614 685 tan·

869 704 962 740 tum,
1001 708 1079 732 non
1116 698 1229 736 etiam
1261 700 1454 748 dignitatis
1490 716 1612 749 meac,

869 752 1058 790 rationem
1079 752 1218 792 habere
1248 751 1467 796 voluerunt.

923 821 1204 876 Elaborarum]
1266 827 1364 866 Cum
1394 842 1456 867 me
1475 830 1515 867 in
1545 843 1611 883 pa.

866 879 979 918 triam
1002 879 1247 920 reduxerunt.

923 936 1009 976 Non
1027 940 1132 976 modo
1159 937 1398 994 inuidorum]
1453 946 1511 984 De
1525 945 1609 998 qui-

868 992 937 1030 bus
957 993 1137 1032 haetenus
1158 993 1307 1035 locutus
1325 1000 1403 1039 est..

922 1048 1000 1089 Sed
1033 1052 1151 1090 etiam
1178 1053 1435 1108 inimicorum]
1524 1059 1606 1107 Qui

866 1104 988 1145 multo
1008 1108 1121 1146 etiam
1157 1111 1288 1158 magis,
1322 1126 1435 1164 quam
1465 1115 1605 1165 inuidi,

865 1162 1108 1216 sperauerant
1122 1179 1186 1204 me
1209 1169 1291 1220 post
1320 1170 1497 1218 reditum,
1525 1186 1602 1210 me-

863 1222 988 1259 moria
1007 1220 1226 1261 calamitatic,
1251 1226 1501 1276 admonitum,
1528 1228 1606 1268 fra-¹

862 1278 938 1324 eto,
957 1292 996 1316 ac
1015 1277 1171 1318 demiffo
1201 1283 1330 1322 animo
1359 1282 1542 1324 futurum.

913 1349 978 1387 De
997 1363 1069 1389 vno
1095 1343 1300 1404 acerrimo]
1362 1354 1448 1402 Vno,
1479 1360 1599 1406 magis

860 1408 1037 1458 exprimit
1102 1406 1246 1446 Metelli
1307 1407 1600 1462 fortitudinem,

858 1475 971 1514 quam
991 1466 1016 1501 li
1036 1463 1195 1511 dixisset,
1214 1467 1262 1504 de
1275 1471 1482 1508 acerrimo:
1496 1474 1599 1522 quali

857 1531 1008 1573 praeter
1028 1531 1172 1560 ceteros
1193 1535 1236 1560 ea
1255 1520 1367 1562 laude
1387 1525 1597 1568 excelleret.

914 1590 1144 1645 Constantia]
1174 1593 1270 1631 Cum
1290 1595 1330 1632 in
1351 1596 1393 1634 L.
1405 1597 1598 1638 Saturnini

856 1645 975 1697 legem
996 1647 1042 1686 de
1064 1661 1155 1696 agro
1187 1648 1332 1689 Gallico
1368 1652 1596 1703 diuidendo,

855 1718 923 1757 per
942 1707 1019 1744 vim
1039 1703 1166 1752 latam,
1188 1707 1316 1746 iurare
1332 1708 1470 1758 noluit,
1498 1722 1534 1750 et
1551 1715 1594 1752 in

855 1761 1037 1800 exsulium
1059 1763 1178 1810 abire,
1209 1777 1322 1816 quam
1350 1765 1397 1805 de
1426 1767 1490 1806 sua
1513 1769 1593 1808 sen-

855 1815 972 1857 tentia‘
1002 1818 1194 1867 decedere,
1225 1820 1371 1862 maluit.
1449 1823 1593 1866 Plutar-

854 1876 943 1914 chus
960 1878 998 1914 in
1020 1878 1158 1915 Mario.
1187 1881 1381 1931 Appianus
1412 1879 1479 1921 lib.
1497 1894 1531 1924 1.
1544 1883 1592 1923 de

852 1931 939 1972 bell.
962 1935 1034 1973 ciu.
1051 1935 1092 1971 in
1113 1944 1206 1972 orat.
1230 1949 1301 1987 pro
1322 1938 1448 1977 Sextio
1473 1954 1501 1978 c.
1527 1944 1590 1984 16.

850 2000 887 2028 et
909 2002 978 2042 47.

903 2048 959 2103 Q
987 2046 1163 2094 Metello,
1182 2048 1407 2100 Luciifilio]
1449 2054 1588 2092 Distin-

849 2103 1018 2152 guendus
1059 2114 1138 2142 erat
1170 2117 1192 2142 a
1219 2104 1367 2145 duobus
1398 2109 1587 2159 Metellis,

849 2172 1020 2212 quorum·
1037 2163 1191 2213 Vtrique
1212 2176 1444 2215 praenomen
1465 2169 1586 2216 Qlin-

846 2226 886 2256 to
919 2216 1006 2263 fuit,
1036 2215 1244 2265 Eadem-ico,
1269 2230 1306 2259 et
1327 2223 1488 2274 Nepote.
1519 2226 1584 2264 ita·

847 2289 921 2326 qut:
941 2272 1001 2313 vel
1023 2274 1218 2313 Numidici
1240 2287 1466 2327 cognomen,
1486 2290 1526 2320 vt
1545 2284 1587 2322 in

847 2343 940 2370 orat.
963 2344 1034 2383 pro
1046 2334 1142 2370 Sext.
1155 2346 1185 2370 c.
1198 2335 1225 2374 6
1231 2346 1263 2373 2.
1277 2333 1337 2372 vel
1349 2339 1466 2388 patris
1477 2353 1585 2391 prae-

845 2402 1000 2434 nomen,
1019 2396 1060 2426 vt
1082 2387 1156 2435 hic,
1175 2389 1265 2428 addi
1285 2395 1470 2445 oportuit.
1491 2397 1584 2434 Ean-

844 2445 930 2484 dem
966 2445 1017 2484 ob
1052 2445 1212 2484 caussam
1236 2445 1351 2497 lib.3.
1392 2449 1438 2488 de
1457 2453 1580 2494 Orat.

844 2518 873 2542 c.
900 2508 964 2551 18.
992 2501 1106 2540 dixit:
1141 2504 1242 2542 Hinc
1267 2502 1360 2546 haec
1390 2512 1583 2550 recentior

839 2557 1047 2600 Academia
1066 2561 1274 2607 manauit,
1301 2564 1343 2601 in
1369 2577 1444 2619 qua
1471 2566 1583 2619 exsti-

836 2619 889 2657 tit
911 2614 1050 2655 diuina
1067 2614 1234 2670 quadam
1253 2619 1451 2660 celeritate
1479 2624 1581 2677 inge-

833 2675 892 2713 nii
927 2670 1150 2727 dicendique
1187 2676 1297 2726 copia
1336 2675 1582 2721 Carneades»

833 2730 948 2783 cuius<
959 2741 1026 2786 ego
1042 2726 1278 2788 ‘fist-multet
1295 2730 1493 2776 auditores
1518 2749 1581 2776 co·

1459 2803 1578 2850 gnoul
