<?xml version="1.0" encoding="UTF-8"?>
<!DOCTYPE html PUBLIC "-//W3C//DTD XHTML 1.0 Transitional//EN"
    "http://www.w3.org/TR/xhtml1/DTD/xhtml1-transitional.dtd">
<html xmlns="http://www.w3.org/1999/xhtml" xml:lang="en" lang="en">
 <head>
  <title>
</title>
<meta http-equiv="Content-Type" content="text/html;charset=utf-8" />
  <meta name='ocr-system' content='tesseract 3.04.00' />
  <meta name='ocr-capabilities' content='ocr_page ocr_carea ocr_par ocr_line ocrx_word'/>
</head>
<body>
  <div class='ocr_page' id='page_1' title='image "./commentariusinmt01manuuoft_0247.png"; bbox 0 0 1863 3172; ppageno 0'>
   <div class='ocr_carea' id='block_1_1' title="bbox 280 103 1406 154">
    <p class='ocr_par' dir='ltr' id='par_1_1' title="bbox 280 103 1406 154">
     <span class='ocr_line' id='line_1_1' title="bbox 280 103 1406 154; baseline -0.01 0"><span class='ocrx_word' id='word_1_1' title='bbox 280 112 350 154; x_wconf 81' lang='lat' dir='ltr'>IN</span> <span class='ocrx_word' id='word_1_2' title='bbox 374 108 487 150; x_wconf 75' lang='lat' dir='ltr'>Cic.</span> <span class='ocrx_word' id='word_1_3' title='bbox 516 106 712 150; x_wconf 81' lang='lat' dir='ltr'>EPIST.</span> <span class='ocrx_word' id='word_1_4' title='bbox 739 107 874 150; x_wconf 65' lang='grc' dir='ltr'><strong>ΒΑΜ.</strong></span> <span class='ocrx_word' id='word_1_5' title='bbox 896 107 1012 148; x_wconf 81' lang='lat' dir='ltr'>LIB.</span> <span class='ocrx_word' id='word_1_6' title='bbox 1035 105 1105 146; x_wconf 89' lang='lat'>111.</span> <span class='ocrx_word' id='word_1_7' title='bbox 1133 103 1323 146; x_wconf 80' lang='lat' dir='ltr'>EPIST.</span> <span class='ocrx_word' id='word_1_8' title='bbox 1340 103 1406 144; x_wconf 87' lang='lat' dir='ltr'>IX.</span> 
     </span>
    </p>
   </div>
   <div class='ocr_carea' id='block_1_2' title="bbox 65 218 814 499">
    <p class='ocr_par' dir='ltr' id='par_1_2' title="bbox 65 218 814 499">
     <span class='ocr_line' id='line_1_2' title="bbox 67 218 813 279; baseline -0.007 -15"><span class='ocrx_word' id='word_1_9' title='bbox 67 225 161 266; x_wconf 76' lang='lat' dir='ltr'>Cum</span> <span class='ocrx_word' id='word_1_10' title='bbox 199 223 245 264; x_wconf 83' lang='lat' dir='ltr'>de</span> <span class='ocrx_word' id='word_1_11' title='bbox 277 225 358 264; x_wconf 80' lang='lat' dir='ltr'>tuis</span> <span class='ocrx_word' id='word_1_12' title='bbox 395 222 509 263; x_wconf 84' lang='lat' dir='ltr'>rebus</span> <span class='ocrx_word' id='word_1_13' title='bbox 528 222 646 279; x_wconf 59' lang='lat' dir='ltr'>gestis</span> <span class='ocrx_word' id='word_1_14' title='bbox 678 218 813 274; x_wconf 82' lang='lat' dir='ltr'>ageba-</span> 
     </span>
     <span class='ocr_line' id='line_1_3' title="bbox 67 279 680 333; baseline -0.007 -12"><span class='ocrx_word' id='word_1_15' title='bbox 67 291 150 328; x_wconf 71' lang='lat' dir='ltr'>tur,</span> <span class='ocrx_word' id='word_1_16' title='bbox 169 280 420 330; x_wconf 72' lang='lat' dir='ltr'>irfiruiebam</span> <span class='ocrx_word' id='word_1_17' title='bbox 437 279 569 320; x_wconf 79' lang='lat' dir='ltr'>honori</span> <span class='ocrx_word' id='word_1_18' title='bbox 597 290 680 333; x_wconf 45' lang='lat' dir='ltr'>tuo..</span> 
     </span>
     <span class='ocr_line' id='line_1_4' title="bbox 123 332 814 388; baseline -0.009 -11"><span class='ocrx_word' id='word_1_19' title='bbox 123 336 259 377; x_wconf 81' lang='lat' dir='ltr'>Studio</span> <span class='ocrx_word' id='word_1_20' title='bbox 283 345 318 376; x_wconf 76' lang='lat' dir='ltr'>et</span> <span class='ocrx_word' id='word_1_21' title='bbox 335 334 616 388; x_wconf 80' lang='lat' dir='ltr'>beneuolentia]</span> <span class='ocrx_word' id='word_1_22' title='bbox 657 332 814 374; x_wconf 82' lang='lat' dir='ltr'>Addidit</span> 
     </span>
     <span class='ocr_line' id='line_1_5' title="bbox 65 388 814 446; baseline -0.007 -13"><span class='ocrx_word' id='word_1_23' title='bbox 65 390 358 433; x_wconf 82' lang='lat' dir='ltr'>beneuolentiae</span> <span class='ocrx_word' id='word_1_24' title='bbox 379 407 543 438; x_wconf 87' lang='lat' dir='ltr'>nomen3</span> <span class='ocrx_word' id='word_1_25' title='bbox 584 393 673 446; x_wconf 78' lang='lat' dir='ltr'>quia</span> <span class='ocrx_word' id='word_1_26' title='bbox 702 388 814 430; x_wconf 86' lang='lat' dir='ltr'>multi</span> 
     </span>
     <span class='ocr_line' id='line_1_6' title="bbox 65 449 680 499; baseline -0.005 -9"><span class='ocrx_word' id='word_1_27' title='bbox 65 449 228 497; x_wconf 82' lang='lat' dir='ltr'>student,</span> <span class='ocrx_word' id='word_1_28' title='bbox 249 463 318 488; x_wconf 89' lang='lat' dir='ltr'>nec</span> <span class='ocrx_word' id='word_1_29' title='bbox 343 459 474 489; x_wconf 87' lang='lat' dir='ltr'>tamen</span> <span class='ocrx_word' id='word_1_30' title='bbox 505 450 680 499; x_wconf 85' lang='lat' dir='ltr'>diligunt.</span> 
     </span>
    </p>
   </div>
   <div class='ocr_carea' id='block_1_3' title="bbox 52 517 815 1598">
    <p class='ocr_par' dir='ltr' id='par_1_3' title="bbox 52 517 815 1598">
     <span class='ocr_line' id='line_1_7' title="bbox 124 517 812 576; baseline -0.007 -16"><span class='ocrx_word' id='word_1_31' title='bbox 124 520 198 560; x_wconf 84' lang='lat' dir='ltr'>Vel</span> <span class='ocrx_word' id='word_1_32' title='bbox 219 534 348 560; x_wconf 82' lang='lat' dir='ltr'>amore</span> <span class='ocrx_word' id='word_1_33' title='bbox 366 521 512 576; x_wconf 76' lang='lat' dir='ltr'>potius]</span> <span class='ocrx_word' id='word_1_34' title='bbox 548 522 677 561; x_wconf 77' lang='lat' dir='ltr'>Maior</span> <span class='ocrx_word' id='word_1_35' title='bbox 703 518 754 557; x_wconf 80' lang='lat' dir='ltr'>cst</span> <span class='ocrx_word' id='word_1_36' title='bbox 770 517 812 556; x_wconf 89' lang='lat' dir='ltr'>in</span> 
     </span>
     <span class='ocr_line' id='line_1_8' title="bbox 66 574 812 630; baseline -0.004 -15"><span class='ocrx_word' id='word_1_37' title='bbox 66 589 200 616; x_wconf 79' lang='lat' dir='ltr'>amore</span> <span class='ocrx_word' id='word_1_38' title='bbox 221 578 293 624; x_wconf 86' lang='lat' dir='ltr'>vis,</span> <span class='ocrx_word' id='word_1_39' title='bbox 315 591 430 630; x_wconf 79' lang='lat' dir='ltr'>quam</span> <span class='ocrx_word' id='word_1_40' title='bbox 459 581 500 617; x_wconf 89' lang='lat' dir='ltr'>in</span> <span class='ocrx_word' id='word_1_41' title='bbox 524 574 812 618; x_wconf 77' lang='lat' dir='ltr'>beneuolentia:</span> 
     </span>
     <span class='ocr_line' id='line_1_9' title="bbox 64 631 811 687; baseline -0.005 -14"><span class='ocrx_word' id='word_1_42' title='bbox 64 634 171 673; x_wconf 77' lang='lat' dir='ltr'>flenti</span> <span class='ocrx_word' id='word_1_43' title='bbox 189 632 273 687; x_wconf 88' lang='lat' dir='ltr'>plus</span> <span class='ocrx_word' id='word_1_44' title='bbox 297 636 349 673; x_wconf 86' lang='lat' dir='ltr'>cst</span> <span class='ocrx_word' id='word_1_45' title='bbox 374 648 514 684; x_wconf 81' lang='lat' dir='ltr'>amare,</span> <span class='ocrx_word' id='word_1_46' title='bbox 537 648 651 687; x_wconf 87' lang='lat' dir='ltr'>quam</span> <span class='ocrx_word' id='word_1_47' title='bbox 681 631 811 680; x_wconf 83' lang='lat' dir='ltr'>dilige-</span> 
     </span>
     <span class='ocr_line' id='line_1_10' title="bbox 64 686 810 747; baseline -0.003 -18"><span class='ocrx_word' id='word_1_48' title='bbox 64 703 120 730; x_wconf 86' lang='lat' dir='ltr'>re.</span> <span class='ocrx_word' id='word_1_49' title='bbox 148 686 214 730; x_wconf 88' lang='lat' dir='ltr'>lib.</span> <span class='ocrx_word' id='word_1_50' title='bbox 232 702 272 744; x_wconf 91' lang='lat'>9.</span> <span class='ocrx_word' id='word_1_51' title='bbox 300 693 402 744; x_wconf 88' lang='lat' dir='ltr'>epist.</span> <span class='ocrx_word' id='word_1_52' title='bbox 419 704 482 745; x_wconf 83' lang='lat'>14.</span> <span class='ocrx_word' id='word_1_53' title='bbox 512 692 613 747; x_wconf 67' lang='lat' dir='ltr'>Qu‘s</span> <span class='ocrx_word' id='word_1_54' title='bbox 631 699 730 736; x_wconf 74' lang='lat' dir='ltr'>erae,</span> <span class='ocrx_word' id='word_1_55' title='bbox 742 689 810 743; x_wconf 84' lang='lat' dir='ltr'>qui</span> 
     </span>
     <span class='ocr_line' id='line_1_11' title="bbox 60 746 804 803; baseline -0.004 -17"><span class='ocrx_word' id='word_1_56' title='bbox 60 759 231 801; x_wconf 76' lang='lat' dir='ltr'>putaret,</span> <span class='ocrx_word' id='word_1_57' title='bbox 249 746 306 788; x_wconf 73' lang='lat' dir='ltr'>ad</span> <span class='ocrx_word' id='word_1_58' title='bbox 323 763 405 789; x_wconf 81' lang='lat' dir='ltr'>cum</span> <span class='ocrx_word' id='word_1_59' title='bbox 422 761 601 795; x_wconf 83' lang='lat' dir='ltr'>amorem,</span> <span class='ocrx_word' id='word_1_60' title='bbox 618 759 730 803; x_wconf 81' lang='lat' dir='ltr'>quem</span> <span class='ocrx_word' id='word_1_61' title='bbox 747 759 804 785; x_wconf 88' lang='lat' dir='ltr'>er·</span> 
     </span>
     <span class='ocr_line' id='line_1_12' title="bbox 59 801 807 860; baseline -0.004 -17"><span class='ocrx_word' id='word_1_62' title='bbox 59 816 114 857; x_wconf 83' lang='lat' dir='ltr'>ga</span> <span class='ocrx_word' id='word_1_63' title='bbox 133 813 172 844; x_wconf 83' lang='lat' dir='ltr'>te</span> <span class='ocrx_word' id='word_1_64' title='bbox 193 803 388 852; x_wconf 75' lang='lat' dir='ltr'>habebam,</span> <span class='ocrx_word' id='word_1_65' title='bbox 411 802 502 859; x_wconf 65' lang='lat' dir='ltr'>pull}</span> <span class='ocrx_word' id='word_1_66' title='bbox 534 801 686 860; x_wconf 80' lang='lat' dir='ltr'>aliquid</span> <span class='ocrx_word' id='word_1_67' title='bbox 707 816 807 842; x_wconf 83' lang='lat' dir='ltr'>acce·</span> 
     </span>
     <span class='ocr_line' id='line_1_13' title="bbox 62 857 805 916; baseline -0.003 -16"><span class='ocrx_word' id='word_1_68' title='bbox 62 859 185 900; x_wconf 78' lang='lat' dir='ltr'>dere?</span> <span class='ocrx_word' id='word_1_69' title='bbox 233 871 387 901; x_wconf 83' lang='lat' dir='ltr'>tantum</span> <span class='ocrx_word' id='word_1_70' title='bbox 423 860 590 916; x_wconf 57' lang='lat' dir='ltr'>accqffi&#39;n</span> <span class='ocrx_word' id='word_1_71' title='bbox 631 870 678 901; x_wconf 76' lang='lat' dir='ltr'>ve</span> <span class='ocrx_word' id='word_1_72' title='bbox 709 857 805 899; x_wconf 83' lang='lat' dir='ltr'>mihi</span> 
     </span>
     <span class='ocr_line' id='line_1_14' title="bbox 63 915 805 971; baseline 0 -16"><span class='ocrx_word' id='word_1_73' title='bbox 63 930 165 956; x_wconf 84' lang='lat' dir='ltr'>nunc</span> <span class='ocrx_word' id='word_1_74' title='bbox 183 915 344 971; x_wconf 82' lang='lat' dir='ltr'>denique</span> <span class='ocrx_word' id='word_1_75' title='bbox 362 931 496 958; x_wconf 84' lang='lat' dir='ltr'>amare</span> <span class='ocrx_word' id='word_1_76' title='bbox 514 916 664 965; x_wconf 78' lang='lat' dir='ltr'>videar,</span> <span class='ocrx_word' id='word_1_77' title='bbox 690 926 805 956; x_wconf 85' lang='lat' dir='ltr'>antea</span> 
     </span>
     <span class='ocr_line' id='line_1_15' title="bbox 62 970 807 1028; baseline -0.003 -14"><span class='ocrx_word' id='word_1_78' title='bbox 62 970 245 1028; x_wconf 62' lang='lat' dir='ltr'>dilexff’.</span> <span class='ocrx_word' id='word_1_79' title='bbox 281 972 484 1027; x_wconf 85' lang='lat' dir='ltr'>Etlib.13.</span> <span class='ocrx_word' id='word_1_80' title='bbox 518 976 622 1028; x_wconf 87' lang='lat' dir='ltr'>epist.</span> <span class='ocrx_word' id='word_1_81' title='bbox 640 984 710 1026; x_wconf 90' lang='lat'>47.</span> <span class='ocrx_word' id='word_1_82' title='bbox 751 973 807 1014; x_wconf 79' lang='lat' dir='ltr'>Vt</span> 
     </span>
     <span class='ocr_line' id='line_1_16' title="bbox 52 1029 805 1088; baseline 0.004 -21"><span class='ocrx_word' id='word_1_83' title='bbox 52 1029 127 1080; x_wconf 62' lang='lat' dir='ltr'>fiis</span> <span class='ocrx_word' id='word_1_84' title='bbox 141 1045 188 1076; x_wconf 80' lang='lat' dir='ltr'>es,</span> <span class='ocrx_word' id='word_1_85' title='bbox 209 1045 291 1070; x_wconf 86' lang='lat' dir='ltr'>eum</span> <span class='ocrx_word' id='word_1_86' title='bbox 308 1046 382 1072; x_wconf 82' lang='lat' dir='ltr'>non</span> <span class='ocrx_word' id='word_1_87' title='bbox 402 1046 426 1070; x_wconf 81' lang='lat' dir='ltr'><em>a</em></span> <span class='ocrx_word' id='word_1_88' title='bbox 457 1045 515 1071; x_wconf 81' lang='lat' dir='ltr'>me</span> <span class='ocrx_word' id='word_1_89' title='bbox 534 1030 650 1088; x_wconf 77' lang='lat' dir='ltr'>diligi</span> <span class='ocrx_word' id='word_1_90' title='bbox 660 1029 805 1082; x_wconf 62' lang='lat' dir='ltr'>solum,</span> 
     </span>
     <span class='ocr_line' id='line_1_17' title="bbox 63 1088 806 1135; baseline 0.003 -11"><span class='ocrx_word' id='word_1_91' title='bbox 63 1100 193 1125; x_wconf 74' lang='lat' dir='ltr'>verum</span> <span class='ocrx_word' id='word_1_92' title='bbox 211 1090 328 1127; x_wconf 75' lang='lat' dir='ltr'>etim</span> <span class='ocrx_word' id='word_1_93' title='bbox 354 1090 509 1135; x_wconf 82' lang='lat' dir='ltr'>amari,</span> <span class='ocrx_word' id='word_1_94' title='bbox 536 1088 582 1127; x_wconf 83' lang='lat' dir='ltr'>ob</span> <span class='ocrx_word' id='word_1_95' title='bbox 609 1100 694 1127; x_wconf 86' lang='lat' dir='ltr'>eam</span> <span class='ocrx_word' id='word_1_96' title='bbox 724 1099 806 1128; x_wconf 81' lang='lat' dir='ltr'>rem</span> 
     </span>
     <span class='ocr_line' id='line_1_18' title="bbox 62 1142 805 1198; baseline 0.001 -17"><span class='ocrx_word' id='word_1_97' title='bbox 62 1142 134 1182; x_wconf 79' lang='lat' dir='ltr'>tihi</span> <span class='ocrx_word' id='word_1_98' title='bbox 161 1143 252 1183; x_wconf 80' lang='lat' dir='ltr'>haec</span> <span class='ocrx_word' id='word_1_99' title='bbox 269 1143 413 1196; x_wconf 78' lang='lat' dir='ltr'>scribo,</span> <span class='ocrx_word' id='word_1_100' title='bbox 467 1146 578 1198; x_wconf 82' lang='lat' dir='ltr'>Epist.</span> <span class='ocrx_word' id='word_1_101' title='bbox 604 1157 637 1186; x_wconf 85' lang='lat'>1.</span> <span class='ocrx_word' id='word_1_102' title='bbox 669 1142 719 1182; x_wconf 84' lang='lat' dir='ltr'>ad</span> <span class='ocrx_word' id='word_1_103' title='bbox 746 1144 805 1186; x_wconf 88' lang='lat' dir='ltr'>M.</span> 
     </span>
     <span class='ocr_line' id='line_1_19' title="bbox 57 1199 807 1253; baseline 0 -13"><span class='ocrx_word' id='word_1_104' title='bbox 57 1203 242 1240; x_wconf 83' lang='lat' dir='ltr'>¹Brutum:</span> <span class='ocrx_word' id='word_1_105' title='bbox 273 1203 318 1240; x_wconf 92' lang='lat' dir='ltr'>L.</span> <span class='ocrx_word' id='word_1_106' title='bbox 336 1201 502 1250; x_wconf 80' lang='lat' dir='ltr'>Clodius,</span> <span class='ocrx_word' id='word_1_107' title='bbox 529 1199 710 1241; x_wconf 74' lang='lat' dir='ltr'>tribunus</span> <span class='ocrx_word' id='word_1_108' title='bbox 727 1201 807 1253; x_wconf 83' lang='lat' dir='ltr'>ple·</span> 
     </span>
     <span class='ocr_line' id='line_1_20' title="bbox 62 1256 808 1314; baseline 0 -18"><span class='ocrx_word' id='word_1_109' title='bbox 62 1256 120 1297; x_wconf 75' lang='lat' dir='ltr'>bis</span> <span class='ocrx_word' id='word_1_110' title='bbox 137 1257 371 1314; x_wconf 67' lang='lat' dir='ltr'>defiguntur,</span> <span class='ocrx_word' id='word_1_111' title='bbox 383 1257 499 1299; x_wconf 78' lang='lat' dir='ltr'><em>valde</em></span> <span class='ocrx_word' id='word_1_112' title='bbox 508 1272 565 1298; x_wconf 79' lang='lat' dir='ltr'>me</span> <span class='ocrx_word' id='word_1_113' title='bbox 574 1256 719 1314; x_wconf 71' lang='lat' dir='ltr'>diligit,</span> <span class='ocrx_word' id='word_1_114' title='bbox 731 1256 808 1306; x_wconf 74' lang='lat' dir='ltr'>vel,</span> 
     </span>
     <span class='ocr_line' id='line_1_21' title="bbox 63 1312 808 1363; baseline -0.003 -9"><span class='ocrx_word' id='word_1_115' title='bbox 63 1325 108 1354; x_wconf 85' lang='lat' dir='ltr'>vt</span> <span class='ocrx_word' id='word_1_116' title='bbox 134 1312 412 1363; x_wconf 70' lang='grc' dir='ltr'>ἐμφατικῶτεςον</span> <span class='ocrx_word' id='word_1_117' title='bbox 440 1315 579 1361; x_wconf 81' lang='lat' dir='ltr'>dicam,</span> <span class='ocrx_word' id='word_1_118' title='bbox 609 1315 723 1354; x_wconf 80' lang='lat' dir='ltr'>valde</span> <span class='ocrx_word' id='word_1_119' title='bbox 748 1327 808 1353; x_wconf 88' lang='lat' dir='ltr'>me</span> 
     </span>
     <span class='ocr_line' id='line_1_22' title="bbox 64 1368 807 1422; baseline -0.003 -12"><span class='ocrx_word' id='word_1_120' title='bbox 64 1382 182 1411; x_wconf 75' lang='lat' dir='ltr'>amat.</span> <span class='ocrx_word' id='word_1_121' title='bbox 239 1374 283 1411; x_wconf 79' lang='lat' dir='ltr'>Et</span> <span class='ocrx_word' id='word_1_122' title='bbox 305 1372 352 1411; x_wconf 86' lang='lat' dir='ltr'>ad</span> <span class='ocrx_word' id='word_1_123' title='bbox 373 1371 536 1411; x_wconf 86' lang='lat' dir='ltr'>eundem</span> <span class='ocrx_word' id='word_1_124' title='bbox 562 1370 628 1410; x_wconf 91' lang='lat' dir='ltr'>lib.</span> <span class='ocrx_word' id='word_1_125' title='bbox 641 1375 680 1420; x_wconf 84' lang='lat'>8.</span> <span class='ocrx_word' id='word_1_126' title='bbox 704 1368 807 1422; x_wconf 78' lang='lat' dir='ltr'>apud</span> 
     </span>
     <span class='ocr_line' id='line_1_23' title="bbox 63 1428 815 1481; baseline -0.004 -13"><span class='ocrx_word' id='word_1_127' title='bbox 63 1430 257 1468; x_wconf 86' lang='lat' dir='ltr'>Nonium:</span> <span class='ocrx_word' id='word_1_128' title='bbox 299 1430 361 1468; x_wconf 78' lang='lat' dir='ltr'>Sic</span> <span class='ocrx_word' id='word_1_129' title='bbox 386 1430 511 1481; x_wconf 66' lang='lat' dir='ltr'>igitur</span> <span class='ocrx_word' id='word_1_130' title='bbox 522 1428 658 1480; x_wconf 77' lang='lat' dir='ltr'>facies,</span> <span class='ocrx_word' id='word_1_131' title='bbox 689 1438 724 1466; x_wconf 87' lang='lat' dir='ltr'>et</span> <span class='ocrx_word' id='word_1_132' title='bbox 751 1440 815 1465; x_wconf 85' lang='lat' dir='ltr'>me·</span> 
     </span>
     <span class='ocr_line' id='line_1_24' title="bbox 64 1485 807 1541; baseline 0 -17"><span class='ocrx_word' id='word_1_133' title='bbox 64 1498 137 1525; x_wconf 76' lang='lat' dir='ltr'>aut</span> <span class='ocrx_word' id='word_1_134' title='bbox 171 1485 338 1533; x_wconf 83' lang='lat' dir='ltr'>amabis,</span> <span class='ocrx_word' id='word_1_135' title='bbox 375 1496 458 1533; x_wconf 82' lang='lat' dir='ltr'>aut,</span> <span class='ocrx_word' id='word_1_136' title='bbox 498 1499 570 1541; x_wconf 85' lang='lat' dir='ltr'>quo</span> <span class='ocrx_word' id='word_1_137' title='bbox 608 1494 807 1525; x_wconf 81' lang='lat' dir='ltr'>contentus</span> 
     </span>
     <span class='ocr_line' id='line_1_25' title="bbox 57 1543 324 1598; baseline 0.007 -18"><span class='ocrx_word' id='word_1_138' title='bbox 57 1543 157 1594; x_wconf 84' lang='lat' dir='ltr'><strong><em>snm,</em></strong></span> <span class='ocrx_word' id='word_1_139' title='bbox 179 1544 324 1598; x_wconf 54' lang='lat' dir='ltr'>diliges.</span> 
     </span>
    </p>
   </div>
   <div class='ocr_carea' id='block_1_4' title="bbox 0 1611 808 2023">
    <p class='ocr_par' dir='ltr' id='par_1_4' title="bbox 65 1611 807 1895">
     <span class='ocr_line' id='line_1_26' title="bbox 121 1611 805 1666; baseline -0.003 -13"><span class='ocrx_word' id='word_1_140' title='bbox 121 1611 208 1666; x_wconf 83' lang='lat' dir='ltr'>Spe]</span> <span class='ocrx_word' id='word_1_141' title='bbox 228 1616 278 1651; x_wconf 83' lang='lat' dir='ltr'>Ex</span> <span class='ocrx_word' id='word_1_142' title='bbox 294 1615 368 1652; x_wconf 90' lang='lat' dir='ltr'>tuis</span> <span class='ocrx_word' id='word_1_143' title='bbox 386 1616 500 1654; x_wconf 88' lang='lat' dir='ltr'>rebus</span> <span class='ocrx_word' id='word_1_144' title='bbox 520 1614 642 1664; x_wconf 84' lang='lat' dir='ltr'>gestis,</span> <span class='ocrx_word' id='word_1_145' title='bbox 658 1622 696 1653; x_wconf 89' lang='lat' dir='ltr'>et</span> <span class='ocrx_word' id='word_1_146' title='bbox 714 1614 805 1666; x_wconf 81' lang='lat' dir='ltr'>quia</span> 
     </span>
     <span class='ocr_line' id='line_1_27' title="bbox 65 1669 804 1725; baseline 0 -16"><span class='ocrx_word' id='word_1_147' title='bbox 65 1672 141 1709; x_wconf 79' lang='lat' dir='ltr'>iam</span> <span class='ocrx_word' id='word_1_148' title='bbox 174 1669 331 1722; x_wconf 84' lang='lat' dir='ltr'>adeptus</span> <span class='ocrx_word' id='word_1_149' title='bbox 364 1682 443 1711; x_wconf 85' lang='lat' dir='ltr'>erat</span> <span class='ocrx_word' id='word_1_150' title='bbox 471 1670 804 1725; x_wconf 82' lang='lat' dir='ltr'>supplicationem:</span> 
     </span>
     <span class='ocr_line' id='line_1_28' title="bbox 65 1728 807 1783; baseline 0 -17"><span class='ocrx_word' id='word_1_151' title='bbox 65 1741 163 1780; x_wconf 74' lang='lat' dir='ltr'>quae</span> <span class='ocrx_word' id='word_1_152' title='bbox 183 1728 367 1779; x_wconf 85' lang='lat' dir='ltr'>triumphi</span> <span class='ocrx_word' id='word_1_153' title='bbox 398 1729 664 1783; x_wconf 82' lang='lat' dir='ltr'>praerogatiua</span> <span class='ocrx_word' id='word_1_154' title='bbox 692 1741 807 1780; x_wconf 85' lang='lat' dir='ltr'>quae-</span> 
     </span>
     <span class='ocr_line' id='line_1_29' title="bbox 65 1782 803 1833; baseline 0 -10"><span class='ocrx_word' id='word_1_155' title='bbox 65 1784 150 1824; x_wconf 80' lang='lat' dir='ltr'>dam</span> <span class='ocrx_word' id='word_1_156' title='bbox 169 1782 313 1823; x_wconf 80' lang='lat' dir='ltr'>solebat</span> <span class='ocrx_word' id='word_1_157' title='bbox 345 1785 430 1833; x_wconf 83' lang='lat' dir='ltr'>effe,</span> <span class='ocrx_word' id='word_1_158' title='bbox 464 1796 505 1825; x_wconf 94' lang='lat' dir='ltr'>vt</span> <span class='ocrx_word' id='word_1_159' title='bbox 532 1787 584 1825; x_wconf 86' lang='lat' dir='ltr'>ait</span> <span class='ocrx_word' id='word_1_160' title='bbox 614 1786 712 1824; x_wconf 79' lang='lat' dir='ltr'>Cato</span> <span class='ocrx_word' id='word_1_161' title='bbox 736 1783 803 1824; x_wconf 89' lang='lat' dir='ltr'>lib.</span> 
     </span>
     <span class='ocr_line' id='line_1_30' title="bbox 68 1842 327 1895; baseline -0.012 -12"><span class='ocrx_word' id='word_1_162' title='bbox 68 1854 131 1894; x_wconf 84' lang='lat'>15.</span> <span class='ocrx_word' id='word_1_163' title='bbox 162 1842 265 1894; x_wconf 90' lang='lat' dir='ltr'>epist.</span> <span class='ocrx_word' id='word_1_164' title='bbox 291 1853 327 1895; x_wconf 82' lang='lat'>5.</span> 
     </span>
    </p>

    <p class='ocr_par' dir='ltr' id='par_1_5' title="bbox 0 1909 808 2023">
     <span class='ocr_line' id='line_1_31' title="bbox 121 1909 805 1966; baseline -0.001 -14"><span class='ocrx_word' id='word_1_165' title='bbox 121 1912 289 1953; x_wconf 82' lang='lat' dir='ltr'><em>Facilius</em></span> <span class='ocrx_word' id='word_1_166' title='bbox 311 1910 570 1966; x_wconf 66' lang='lat' dir='ltr'>wlfi’querer]</span> <span class='ocrx_word' id='word_1_167' title='bbox 623 1909 805 1965; x_wconf 85' lang='lat' dir='ltr'>Exemplo</span> 
     </span>
     <span class='ocr_line' id='line_1_32' title="bbox 0 1967 808 2023; baseline -0.004 -13"><span class='ocrx_word' id='word_1_168' title='bbox 0 1994 1 1999; x_wconf 68' lang='lat'>=</span> <span class='ocrx_word' id='word_1_169' title='bbox 63 1980 147 2017; x_wconf 81' lang='lat' dir='ltr'>tuo,</span> <span class='ocrx_word' id='word_1_170' title='bbox 170 1983 254 2009; x_wconf 82' lang='lat' dir='ltr'>cum</span> <span class='ocrx_word' id='word_1_171' title='bbox 275 1982 345 2018; x_wconf 89' lang='lat' dir='ltr'>ego</span> <span class='ocrx_word' id='word_1_172' title='bbox 359 1982 515 2022; x_wconf 87' lang='lat' dir='ltr'>quoque</span> <span class='ocrx_word' id='word_1_173' title='bbox 526 1967 680 2008; x_wconf 84' lang='lat' dir='ltr'>Ciliciae</span> <span class='ocrx_word' id='word_1_174' title='bbox 701 1983 808 2023; x_wconf 88' lang='lat' dir='ltr'>prae-</span> 
     </span>
    </p>
   </div>
   <div class='ocr_carea' id='block_1_5' title="bbox 0 2023 809 2073">
    <p class='ocr_par' dir='ltr' id='par_1_6' title="bbox 0 2023 809 2073">
     <span class='ocr_line' id='line_1_33' title="bbox 0 2023 809 2073; baseline -0.001 -7"><span class='ocrx_word' id='word_1_175' title='bbox 0 2033 1 2038; x_wconf 79' lang='grc'>’</span> <span class='ocrx_word' id='word_1_176' title='bbox 65 2028 151 2073; x_wconf 77' lang='lat' dir='ltr'>fim3</span> <span class='ocrx_word' id='word_1_177' title='bbox 181 2041 250 2065; x_wconf 89' lang='lat' dir='ltr'>nec</span> <span class='ocrx_word' id='word_1_178' title='bbox 268 2026 376 2072; x_wconf 88' lang='lat' dir='ltr'>mihi,</span> <span class='ocrx_word' id='word_1_179' title='bbox 411 2023 607 2064; x_wconf 69' lang='lat' dir='ltr'>successori</span> <span class='ocrx_word' id='word_1_180' title='bbox 634 2037 715 2073; x_wconf 89' lang='lat' dir='ltr'>tuo,</span> <span class='ocrx_word' id='word_1_181' title='bbox 745 2040 809 2065; x_wconf 89' lang='lat' dir='ltr'>ne·</span> 
     </span>
    </p>
   </div>
   <div class='ocr_carea' id='block_1_6' title="bbox 64 2081 809 2181">
    <p class='ocr_par' dir='ltr' id='par_1_7' title="bbox 64 2081 809 2181">
     <span class='ocr_line' id='line_1_34' title="bbox 64 2081 809 2138; baseline -0.003 -15"><span class='ocrx_word' id='word_1_182' title='bbox 64 2085 147 2134; x_wconf 78' lang='lat' dir='ltr'>gari</span> <span class='ocrx_word' id='word_1_183' title='bbox 167 2081 270 2138; x_wconf 82' lang='lat' dir='ltr'>poffe</span> <span class='ocrx_word' id='word_1_184' title='bbox 289 2082 477 2130; x_wconf 86' lang='lat' dir='ltr'>videatur,</span> <span class='ocrx_word' id='word_1_185' title='bbox 501 2082 607 2134; x_wconf 90' lang='lat' dir='ltr'>quod</span> <span class='ocrx_word' id='word_1_186' title='bbox 630 2084 702 2123; x_wconf 85' lang='lat' dir='ltr'>tibi</span> <span class='ocrx_word' id='word_1_187' title='bbox 720 2096 809 2122; x_wconf 84' lang='lat' dir='ltr'>con-</span> 
     </span>
     <span class='ocr_line' id='line_1_35' title="bbox 65 2139 281 2181; baseline 0 -1"><span class='ocrx_word' id='word_1_188' title='bbox 65 2139 202 2181; x_wconf 85' lang='lat' dir='ltr'>cessum</span> <span class='ocrx_word' id='word_1_189' title='bbox 227 2141 281 2180; x_wconf 86' lang='lat' dir='ltr'>fit.</span> 
     </span>
    </p>
   </div>
   <div class='ocr_carea' id='block_1_7' title="bbox 64 2209 814 2820">
    <p class='ocr_par' dir='ltr' id='par_1_8' title="bbox 66 2209 810 2494">
     <span class='ocr_line' id='line_1_36' title="bbox 119 2209 810 2264; baseline 0 -13"><span class='ocrx_word' id='word_1_190' title='bbox 119 2210 355 2264; x_wconf 55' lang='grc' dir='ltr'>ἐἵη-κείμην]</span> <span class='ocrx_word' id='word_1_191' title='bbox 385 2209 481 2251; x_wconf 79' lang='lat' dir='ltr'>Effet</span> <span class='ocrx_word' id='word_1_192' title='bbox 492 2212 565 2250; x_wconf 87' lang='lat' dir='ltr'>hoc</span> <span class='ocrx_word' id='word_1_193' title='bbox 583 2212 663 2251; x_wconf 81' lang='lat' dir='ltr'>eius</span> <span class='ocrx_word' id='word_1_194' title='bbox 684 2211 810 2251; x_wconf 73' lang='lat' dir='ltr'>homi·</span> 
     </span>
     <span class='ocr_line' id='line_1_37' title="bbox 67 2267 808 2322; baseline -0.001 -14"><span class='ocrx_word' id='word_1_195' title='bbox 67 2271 138 2316; x_wconf 82' lang='lat' dir='ltr'>nis,</span> <span class='ocrx_word' id='word_1_196' title='bbox 161 2270 228 2322; x_wconf 89' lang='lat' dir='ltr'>qui</span> <span class='ocrx_word' id='word_1_197' title='bbox 248 2271 397 2321; x_wconf 86' lang='lat' dir='ltr'>Epicuri</span> <span class='ocrx_word' id='word_1_198' title='bbox 430 2267 653 2308; x_wconf 82' lang='lat' dir='ltr'>sententiam</span> <span class='ocrx_word' id='word_1_199' title='bbox 681 2267 808 2321; x_wconf 88' lang='lat' dir='ltr'>seque-</span> 
     </span>
     <span class='ocr_line' id='line_1_38' title="bbox 66 2324 809 2378; baseline -0.003 -12"><span class='ocrx_word' id='word_1_200' title='bbox 66 2336 185 2373; x_wconf 81' lang='lat' dir='ltr'>retur,</span> <span class='ocrx_word' id='word_1_201' title='bbox 206 2325 244 2364; x_wconf 87' lang='lat' dir='ltr'>id</span> <span class='ocrx_word' id='word_1_202' title='bbox 265 2327 327 2370; x_wconf 82' lang='lat' dir='ltr'>est,</span> <span class='ocrx_word' id='word_1_203' title='bbox 348 2327 415 2378; x_wconf 87' lang='lat' dir='ltr'>qui</span> <span class='ocrx_word' id='word_1_204' title='bbox 431 2326 476 2363; x_wconf 83' lang='lat' dir='ltr'>ad</span> <span class='ocrx_word' id='word_1_205' title='bbox 489 2324 525 2364; x_wconf 90' lang='lat' dir='ltr'>se</span> <span class='ocrx_word' id='word_1_206' title='bbox 545 2324 667 2378; x_wconf 89' lang='lat' dir='ltr'>ipsum</span> <span class='ocrx_word' id='word_1_207' title='bbox 679 2327 809 2364; x_wconf 85' lang='lat' dir='ltr'>omnia</span> 
     </span>
     <span class='ocr_line' id='line_1_39' title="bbox 68 2380 808 2428; baseline -0.003 -6"><span class='ocrx_word' id='word_1_208' title='bbox 68 2382 241 2428; x_wconf 80' lang='lat' dir='ltr'>referret,</span> <span class='ocrx_word' id='word_1_209' title='bbox 261 2393 297 2422; x_wconf 88' lang='lat' dir='ltr'>et</span> <span class='ocrx_word' id='word_1_210' title='bbox 315 2384 355 2420; x_wconf 89' lang='lat' dir='ltr'>in</span> <span class='ocrx_word' id='word_1_211' title='bbox 389 2382 452 2421; x_wconf 86' lang='lat' dir='ltr'>sua</span> <span class='ocrx_word' id='word_1_212' title='bbox 480 2380 644 2422; x_wconf 74' lang='lat' dir='ltr'>Vtilitate</span> <span class='ocrx_word' id='word_1_213' title='bbox 673 2383 808 2421; x_wconf 65' lang='lat' dir='ltr'>cuneta</span> 
     </span>
     <span class='ocr_line' id='line_1_40' title="bbox 68 2438 620 2494; baseline -0.004 -15"><span class='ocrx_word' id='word_1_214' title='bbox 68 2449 240 2494; x_wconf 84' lang='lat' dir='ltr'>poneret.</span> <span class='ocrx_word' id='word_1_215' title='bbox 275 2438 342 2478; x_wconf 90' lang='lat' dir='ltr'>lib.</span> <span class='ocrx_word' id='word_1_216' title='bbox 361 2452 401 2491; x_wconf 91' lang='lat'>7.</span> <span class='ocrx_word' id='word_1_217' title='bbox 432 2441 536 2493; x_wconf 86' lang='lat' dir='ltr'>epist.</span> <span class='ocrx_word' id='word_1_218' title='bbox 560 2450 620 2479; x_wconf 86' lang='lat'>12.</span> 
     </span>
    </p>

    <p class='ocr_par' dir='ltr' id='par_1_9' title="bbox 64 2493 811 2661">
     <span class='ocr_line' id='line_1_41' title="bbox 126 2493 809 2551; baseline -0.001 -15"><span class='ocrx_word' id='word_1_219' title='bbox 126 2497 316 2551; x_wconf 71' lang='lat' dir='ltr'>Digtzitas·</span> <span class='ocrx_word' id='word_1_220' title='bbox 338 2507 452 2551; x_wconf 79' lang='lat' dir='ltr'>atque</span> <span class='ocrx_word' id='word_1_221' title='bbox 471 2493 695 2548; x_wconf 76' lang='lat' dir='ltr'><em>amplitudo]</em></span> <span class='ocrx_word' id='word_1_222' title='bbox 722 2495 809 2535; x_wconf 83' lang='lat' dir='ltr'>Am·</span> 
     </span>
     <span class='ocr_line' id='line_1_42' title="bbox 64 2551 811 2607; baseline -0.004 -14"><span class='ocrx_word' id='word_1_223' title='bbox 64 2552 299 2607; x_wconf 80' lang='lat' dir='ltr'>plitua&#39;inem</span> <span class='ocrx_word' id='word_1_224' title='bbox 331 2561 367 2590; x_wconf 82' lang='lat' dir='ltr'>et</span> <span class='ocrx_word' id='word_1_225' title='bbox 394 2551 622 2607; x_wconf 79' lang='lat' dir='ltr'>dignitatem</span> <span class='ocrx_word' id='word_1_226' title='bbox 653 2553 811 2591; x_wconf 83' lang='lat' dir='ltr'>coniun-</span> 
     </span>
     <span class='ocr_line' id='line_1_43' title="bbox 69 2608 566 2661; baseline -0.006 -12"><span class='ocrx_word' id='word_1_227' title='bbox 69 2611 123 2649; x_wconf 85' lang='lat' dir='ltr'>xit</span> <span class='ocrx_word' id='word_1_228' title='bbox 146 2612 257 2648; x_wconf 70' lang='lat' dir='ltr'>etiam</span> <span class='ocrx_word' id='word_1_229' title='bbox 279 2608 343 2647; x_wconf 79' lang='lat' dir='ltr'>lib.</span> <span class='ocrx_word' id='word_1_230' title='bbox 363 2622 393 2649; x_wconf 89' lang='lat'>1.</span> <span class='ocrx_word' id='word_1_231' title='bbox 414 2610 515 2661; x_wconf 85' lang='lat' dir='ltr'>epist.</span> <span class='ocrx_word' id='word_1_232' title='bbox 531 2619 566 2661; x_wconf 83' lang='lat'>5.</span> 
     </span>
    </p>

    <p class='ocr_par' dir='ltr' id='par_1_10' title="bbox 72 2664 814 2820">
     <span class='ocr_line' id='line_1_44' title="bbox 128 2664 814 2721; baseline -0.003 -16"><span class='ocrx_word' id='word_1_233' title='bbox 128 2668 246 2721; x_wconf 68' lang='lat' dir='ltr'>Longi</span> <span class='ocrx_word' id='word_1_234' title='bbox 258 2664 450 2717; x_wconf 51' lang='lat' dir='ltr'>Jwbscllii]</span> <span class='ocrx_word' id='word_1_235' title='bbox 483 2666 658 2704; x_wconf 83' lang='lat' dir='ltr'>Senatum</span> <span class='ocrx_word' id='word_1_236' title='bbox 680 2665 814 2713; x_wconf 78' lang='lat' dir='ltr'>signifi-</span> 
     </span>
     <span class='ocr_line' id='line_1_45' title="bbox 72 2719 813 2777; baseline -0.001 -15"><span class='ocrx_word' id='word_1_237' title='bbox 72 2734 141 2770; x_wconf 82' lang='lat' dir='ltr'>eat,</span> <span class='ocrx_word' id='word_1_238' title='bbox 162 2738 184 2763; x_wconf 85' lang='lat' dir='ltr'>a</span> <span class='ocrx_word' id='word_1_239' title='bbox 203 2720 280 2776; x_wconf 78' lang='lat' dir='ltr'>quo</span> <span class='ocrx_word' id='word_1_240' title='bbox 303 2720 407 2763; x_wconf 87' lang='lat' dir='ltr'>tarde</span> <span class='ocrx_word' id='word_1_241' title='bbox 431 2722 560 2761; x_wconf 87' lang='lat' dir='ltr'>omnia</span> <span class='ocrx_word' id='word_1_242' title='bbox 584 2719 813 2777; x_wconf 83' lang='lat' dir='ltr'>explicaren-</span> 
     </span>
     <span class='ocr_line' id='line_1_46' title="bbox 72 2791 148 2820; baseline -0.026 0"><span class='ocrx_word' id='word_1_243' title='bbox 72 2791 148 2820; x_wconf 70' lang='lat' dir='ltr'>tur.</span> 
     </span>
    </p>
   </div>
   <div class='ocr_carea' id='block_1_8' title="bbox 1476 115 1606 157">
    <p class='ocr_par' dir='ltr' id='par_1_11' title="bbox 1476 115 1606 157">
     <span class='ocr_line' id='line_1_47' title="bbox 1476 115 1606 157; baseline -0.038 -7"><span class='ocrx_word' id='word_1_244' title='bbox 1476 149 1478 151; x_wconf 73' lang='grc'><strong>,</strong></span> <span class='ocrx_word' id='word_1_245' title='bbox 1526 115 1606 157; x_wconf 81' lang='lat'>23¹</span> 
     </span>
    </p>
   </div>
   <div class='ocr_carea' id='block_1_9' title="bbox 859 215 1613 1369">
    <p class='ocr_par' dir='ltr' id='par_1_12' title="bbox 859 215 1613 899">
     <span class='ocr_line' id='line_1_48' title="bbox 924 215 1609 271; baseline -0.016 -9"><span class='ocrx_word' id='word_1_246' title='bbox 924 216 1132 271; x_wconf 78' lang='lat' dir='ltr'>ludicatio]</span> <span class='ocrx_word' id='word_1_247' title='bbox 1177 220 1221 257; x_wconf 91' lang='lat' dir='ltr'>In</span> <span class='ocrx_word' id='word_1_248' title='bbox 1247 215 1458 258; x_wconf 80' lang='lat' dir='ltr'>iudicandis</span> <span class='ocrx_word' id='word_1_249' title='bbox 1478 215 1609 262; x_wconf 81' lang='lat' dir='ltr'>rebus,</span> 
     </span>
     <span class='ocr_line' id='line_1_49' title="bbox 869 274 1611 330; baseline -0.005 -14"><span class='ocrx_word' id='word_1_250' title='bbox 869 276 916 316; x_wconf 88' lang='lat' dir='ltr'>de</span> <span class='ocrx_word' id='word_1_251' title='bbox 961 277 1099 330; x_wconf 90' lang='lat' dir='ltr'>quibus</span> <span class='ocrx_word' id='word_1_252' title='bbox 1147 275 1366 315; x_wconf 85' lang='lat' dir='ltr'>consulitur.</span> <span class='ocrx_word' id='word_1_253' title='bbox 1410 274 1611 328; x_wconf 79' lang='lat' dir='ltr'>petebatur</span> 
     </span>
     <span class='ocr_line' id='line_1_50' title="bbox 870 327 1608 385; baseline -0.009 -12"><span class='ocrx_word' id='word_1_254' title='bbox 870 336 974 373; x_wconf 89' lang='lat' dir='ltr'>enim</span> <span class='ocrx_word' id='word_1_255' title='bbox 992 348 1012 372; x_wconf 80' lang='lat' dir='ltr'>a</span> <span class='ocrx_word' id='word_1_256' title='bbox 1037 333 1163 372; x_wconf 85' lang='lat' dir='ltr'>senatu</span> <span class='ocrx_word' id='word_1_257' title='bbox 1194 333 1430 385; x_wconf 75' lang='lat' dir='ltr'>triumphus:</span> <span class='ocrx_word' id='word_1_258' title='bbox 1469 327 1608 368; x_wconf 90' lang='lat' dir='ltr'>deinde</span> 
     </span>
     <span class='ocr_line' id='line_1_51' title="bbox 869 386 1609 439; baseline -0.008 -9"><span class='ocrx_word' id='word_1_259' title='bbox 869 390 972 430; x_wconf 44' lang='lat' dir='ltr'>facin</span> <span class='ocrx_word' id='word_1_260' title='bbox 994 389 1141 430; x_wconf 75' lang='lat' dir='ltr'>senatus</span> <span class='ocrx_word' id='word_1_261' title='bbox 1171 388 1346 429; x_wconf 73' lang='lat' dir='ltr'>consulto</span> <span class='ocrx_word' id='word_1_262' title='bbox 1373 387 1433 428; x_wconf 90' lang='lat' dir='ltr'>lex</span> <span class='ocrx_word' id='word_1_263' title='bbox 1464 386 1511 426; x_wconf 83' lang='lat' dir='ltr'>ad</span> <span class='ocrx_word' id='word_1_264' title='bbox 1541 398 1609 439; x_wconf 91' lang='lat' dir='ltr'>po-</span> 
     </span>
     <span class='ocr_line' id='line_1_52' title="bbox 871 445 1613 501; baseline -0.007 -15"><span class='ocrx_word' id='word_1_265' title='bbox 871 445 1004 501; x_wconf 87' lang='lat' dir='ltr'>pulum</span> <span class='ocrx_word' id='word_1_266' title='bbox 1024 445 1232 492; x_wconf 83' lang='lat' dir='ltr'>ferebatur,</span> <span class='ocrx_word' id='word_1_267' title='bbox 1261 458 1303 486; x_wconf 79' lang='lat' dir='ltr'>vt</span> <span class='ocrx_word' id='word_1_268' title='bbox 1319 448 1369 494; x_wconf 89' lang='lat' dir='ltr'>ei,</span> <span class='ocrx_word' id='word_1_269' title='bbox 1388 446 1457 499; x_wconf 81' lang='lat' dir='ltr'>qui</span> <span class='ocrx_word' id='word_1_270' title='bbox 1475 445 1613 483; x_wconf 65' lang='lat' dir='ltr'>trium·</span> 
     </span>
     <span class='ocr_line' id='line_1_53' title="bbox 871 501 1611 557; baseline -0.005 -15"><span class='ocrx_word' id='word_1_271' title='bbox 871 504 1055 557; x_wconf 81' lang='lat' dir='ltr'>phaturus</span> <span class='ocrx_word' id='word_1_272' title='bbox 1075 502 1176 550; x_wconf 77' lang='lat' dir='ltr'>effer,</span> <span class='ocrx_word' id='word_1_273' title='bbox 1196 517 1243 542; x_wconf 87' lang='lat' dir='ltr'>eo</span> <span class='ocrx_word' id='word_1_274' title='bbox 1267 514 1415 543; x_wconf 83' lang='lat' dir='ltr'>tantum</span> <span class='ocrx_word' id='word_1_275' title='bbox 1436 501 1510 548; x_wconf 91' lang='lat' dir='ltr'>die,</span> <span class='ocrx_word' id='word_1_276' title='bbox 1530 513 1611 553; x_wconf 82' lang='lat' dir='ltr'>quo</span> 
     </span>
     <span class='ocr_line' id='line_1_54' title="bbox 863 554 1610 614; baseline -0.005 -14"><span class='ocrx_word' id='word_1_277' title='bbox 863 561 1131 614; x_wconf 72' lang='lat' dir='ltr'>triumpharet,</span> <span class='ocrx_word' id='word_1_278' title='bbox 1150 562 1355 612; x_wconf 80' lang='lat' dir='ltr'>imperium</span> <span class='ocrx_word' id='word_1_279' title='bbox 1374 561 1415 598; x_wconf 86' lang='lat' dir='ltr'>in</span> <span class='ocrx_word' id='word_1_280' title='bbox 1445 560 1538 598; x_wconf 88' lang='lat' dir='ltr'>vrbe</span> <span class='ocrx_word' id='word_1_281' title='bbox 1557 554 1610 596; x_wconf 84' lang='lat' dir='ltr'>es-</span> 
     </span>
     <span class='ocr_line' id='line_1_55' title="bbox 865 616 1608 670; baseline -0.005 -13"><span class='ocrx_word' id='word_1_282' title='bbox 865 617 930 657; x_wconf 88' lang='lat' dir='ltr'>set.</span> <span class='ocrx_word' id='word_1_283' title='bbox 967 616 1113 670; x_wconf 77' lang='lat' dir='ltr'>alioqui</span> <span class='ocrx_word' id='word_1_284' title='bbox 1147 616 1281 655; x_wconf 83' lang='lat' dir='ltr'>vrbem</span> <span class='ocrx_word' id='word_1_285' title='bbox 1324 617 1487 657; x_wconf 87' lang='lat' dir='ltr'>introire</span> <span class='ocrx_word' id='word_1_286' title='bbox 1520 627 1608 654; x_wconf 86' lang='lat' dir='ltr'>cum</span> 
     </span>
     <span class='ocr_line' id='line_1_56' title="bbox 862 670 1606 728; baseline -0.005 -14"><span class='ocrx_word' id='word_1_287' title='bbox 862 676 1028 728; x_wconf 83' lang='lat' dir='ltr'>imperio</span> <span class='ocrx_word' id='word_1_288' title='bbox 1048 675 1192 713; x_wconf 82' lang='lat' dir='ltr'>nemini</span> <span class='ocrx_word' id='word_1_289' title='bbox 1226 672 1373 712; x_wconf 84' lang='lat' dir='ltr'>licebat.</span> <span class='ocrx_word' id='word_1_290' title='bbox 1408 674 1536 724; x_wconf 86' lang='lat' dir='ltr'>itaque</span> <span class='ocrx_word' id='word_1_291' title='bbox 1556 670 1606 711; x_wconf 85' lang='lat' dir='ltr'>de</span> 
     </span>
     <span class='ocr_line' id='line_1_57' title="bbox 861 729 1605 783; baseline -0.008 -11"><span class='ocrx_word' id='word_1_292' title='bbox 861 733 1030 772; x_wconf 88' lang='lat' dir='ltr'>Pontinii</span> <span class='ocrx_word' id='word_1_293' title='bbox 1067 730 1261 783; x_wconf 85' lang='lat' dir='ltr'>triumpho</span> <span class='ocrx_word' id='word_1_294' title='bbox 1302 729 1423 779; x_wconf 84' lang='lat' dir='ltr'>legem</span> <span class='ocrx_word' id='word_1_295' title='bbox 1470 742 1493 768; x_wconf 83' lang='lat' dir='ltr'>a</span> <span class='ocrx_word' id='word_1_296' title='bbox 1524 729 1605 767; x_wconf 87' lang='lat' dir='ltr'>Ser.</span> 
     </span>
     <span class='ocr_line' id='line_1_58' title="bbox 859 783 1603 843; baseline -0.008 -14"><span class='ocrx_word' id='word_1_297' title='bbox 859 787 983 830; x_wconf 81' lang='lat' dir='ltr'>Galba</span> <span class='ocrx_word' id='word_1_298' title='bbox 1002 798 1179 843; x_wconf 77' lang='lat' dir='ltr'>praetore</span> <span class='ocrx_word' id='word_1_299' title='bbox 1198 785 1313 827; x_wconf 79' lang='lat' dir='ltr'>latam</span> <span class='ocrx_word' id='word_1_300' title='bbox 1333 784 1420 836; x_wconf 77' lang='lat' dir='ltr'>effe,</span> <span class='ocrx_word' id='word_1_301' title='bbox 1441 783 1603 836; x_wconf 71' lang='lat' dir='ltr'>legium·</span> 
     </span>
     <span class='ocr_line' id='line_1_59' title="bbox 859 843 1545 899; baseline -0.007 -13"><span class='ocrx_word' id='word_1_302' title='bbox 859 848 901 886; x_wconf 89' lang='lat' dir='ltr'>in</span> <span class='ocrx_word' id='word_1_303' title='bbox 930 848 1056 886; x_wconf 86' lang='lat' dir='ltr'>Dione</span> <span class='ocrx_word' id='word_1_304' title='bbox 1081 843 1149 884; x_wconf 91' lang='lat' dir='ltr'>lib.</span> <span class='ocrx_word' id='word_1_305' title='bbox 1173 856 1238 899; x_wconf 87' lang='lat'>39.</span> <span class='ocrx_word' id='word_1_306' title='bbox 1540 865 1545 867; x_wconf 61' lang='lat'>&gt;</span> 
     </span>
    </p>

    <p class='ocr_par' dir='ltr' id='par_1_13' title="bbox 861 910 1604 1080">
     <span class='ocr_line' id='line_1_60' title="bbox 915 910 1602 968; baseline -0.007 -11"><span class='ocrx_word' id='word_1_307' title='bbox 915 918 1017 957; x_wconf 83' lang='lat' dir='ltr'>Item</span> <span class='ocrx_word' id='word_1_308' title='bbox 1063 929 1179 956; x_wconf 80' lang='lat' dir='ltr'>vnum</span> <span class='ocrx_word' id='word_1_309' title='bbox 1233 916 1444 956; x_wconf 77' lang='lat' dir='ltr'>alterumue</span> <span class='ocrx_word' id='word_1_310' title='bbox 1481 910 1602 968; x_wconf 76' lang='lat' dir='ltr'>diem]</span> 
     </span>
     <span class='ocr_line' id='line_1_61' title="bbox 862 971 1604 1026; baseline -0.005 -12"><span class='ocrx_word' id='word_1_311' title='bbox 862 973 1189 1014; x_wconf 85' lang='lat' dir='ltr'>Consuetudinem</span> <span class='ocrx_word' id='word_1_312' title='bbox 1210 971 1359 1013; x_wconf 77' lang='lat' dir='ltr'>senatus</span> <span class='ocrx_word' id='word_1_313' title='bbox 1387 973 1430 1012; x_wconf 89' lang='lat' dir='ltr'>in</span> <span class='ocrx_word' id='word_1_314' title='bbox 1456 979 1604 1026; x_wconf 81' lang='lat' dir='ltr'>protra-</span> 
     </span>
     <span class='ocr_line' id='line_1_62' title="bbox 861 1030 1497 1080; baseline -0.009 -8"><span class='ocrx_word' id='word_1_315' title='bbox 861 1030 990 1072; x_wconf 84' lang='lat' dir='ltr'>hendo</span> <span class='ocrx_word' id='word_1_316' title='bbox 1010 1044 1140 1070; x_wconf 89' lang='lat' dir='ltr'>rerum</span> <span class='ocrx_word' id='word_1_317' title='bbox 1175 1031 1279 1070; x_wconf 85' lang='lat' dir='ltr'>exitu</span> <span class='ocrx_word' id='word_1_318' title='bbox 1306 1030 1497 1080; x_wconf 82' lang='lat' dir='ltr'>fignificat.</span> 
     </span>
    </p>

    <p class='ocr_par' dir='ltr' id='par_1_14' title="bbox 861 1082 1607 1369">
     <span class='ocr_line' id='line_1_63' title="bbox 920 1082 1607 1145; baseline -0.009 -16"><span class='ocrx_word' id='word_1_319' title='bbox 920 1089 1126 1145; x_wconf 84' lang='lat' dir='ltr'>Reliquum</span> <span class='ocrx_word' id='word_1_320' title='bbox 1159 1085 1347 1140; x_wconf 79' lang='lat' dir='ltr'>promiffi]</span> <span class='ocrx_word' id='word_1_321' title='bbox 1402 1082 1607 1139; x_wconf 82' lang='lat' dir='ltr'>Scripserat</span> 
     </span>
     <span class='ocr_line' id='line_1_64' title="bbox 861 1142 1606 1198; baseline -0.008 -13"><span class='ocrx_word' id='word_1_322' title='bbox 861 1143 908 1185; x_wconf 85' lang='lat' dir='ltr'>ad</span> <span class='ocrx_word' id='word_1_323' title='bbox 929 1147 1155 1187; x_wconf 81' lang='lat' dir='ltr'>Ciceronem</span> <span class='ocrx_word' id='word_1_324' title='bbox 1166 1147 1309 1198; x_wconf 86' lang='lat' dir='ltr'>Appius</span> <span class='ocrx_word' id='word_1_325' title='bbox 1330 1142 1473 1183; x_wconf 87' lang='lat' dir='ltr'>librum</span> <span class='ocrx_word' id='word_1_326' title='bbox 1482 1154 1606 1181; x_wconf 75' lang='lat' dir='ltr'>vnum</span> 
     </span>
     <span class='ocr_line' id='line_1_65' title="bbox 863 1195 1606 1254; baseline -0.009 -12"><span class='ocrx_word' id='word_1_327' title='bbox 863 1202 910 1242; x_wconf 90' lang='lat' dir='ltr'>de</span> <span class='ocrx_word' id='word_1_328' title='bbox 925 1204 1010 1242; x_wconf 87' lang='lat' dir='ltr'>iure</span> <span class='ocrx_word' id='word_1_329' title='bbox 1027 1199 1212 1251; x_wconf 81' lang='lat' dir='ltr'>augurali,</span> <span class='ocrx_word' id='word_1_330' title='bbox 1233 1200 1404 1254; x_wconf 89' lang='lat' dir='ltr'>reliquos</span> <span class='ocrx_word' id='word_1_331' title='bbox 1424 1195 1606 1253; x_wconf 87' lang='lat' dir='ltr'>promise-</span> 
     </span>
     <span class='ocr_line' id='line_1_66' title="bbox 862 1254 1607 1314; baseline -0.011 -14"><span class='ocrx_word' id='word_1_332' title='bbox 862 1268 934 1300; x_wconf 82' lang='lat' dir='ltr'>rat.</span> <span class='ocrx_word' id='word_1_333' title='bbox 978 1260 1081 1313; x_wconf 86' lang='lat' dir='ltr'>epist.</span> <span class='ocrx_word' id='word_1_334' title='bbox 1108 1271 1150 1314; x_wconf 83' lang='lat'>4.</span> <span class='ocrx_word' id='word_1_335' title='bbox 1182 1268 1220 1298; x_wconf 87' lang='lat' dir='ltr'>et</span> <span class='ocrx_word' id='word_1_336' title='bbox 1240 1268 1303 1300; x_wconf 79' lang='lat'>11.</span> <span class='ocrx_word' id='word_1_337' title='bbox 1330 1267 1369 1298; x_wconf 90' lang='lat' dir='ltr'>et</span> <span class='ocrx_word' id='word_1_338' title='bbox 1398 1257 1525 1298; x_wconf 80' lang='lat' dir='ltr'>Festus</span> <span class='ocrx_word' id='word_1_339' title='bbox 1562 1254 1607 1293; x_wconf 79' lang='lat' dir='ltr'>in</span> 
     </span>
     <span class='ocr_line' id='line_1_67' title="bbox 863 1315 1261 1369; baseline -0.005 -13"><span class='ocrx_word' id='word_1_340' title='bbox 863 1317 986 1357; x_wconf 80' lang='lat' dir='ltr'>verbo</span> <span class='ocrx_word' id='word_1_341' title='bbox 1005 1315 1261 1369; x_wconf 76' lang='lat' dir='ltr'>Svllisiimum.</span> 
     </span>
    </p>
   </div>
   <div class='ocr_carea' id='block_1_10' title="bbox 862 1379 1609 1711">
    <p class='ocr_par' dir='ltr' id='par_1_15' title="bbox 862 1379 1609 1609">
     <span class='ocr_line' id='line_1_68' title="bbox 920 1379 1608 1441; baseline -0.007 -15"><span class='ocrx_word' id='word_1_342' title='bbox 920 1387 1017 1427; x_wconf 87' lang='lat' dir='ltr'>Tale</span> <span class='ocrx_word' id='word_1_343' title='bbox 1035 1386 1238 1441; x_wconf 82' lang='lat' dir='ltr'>quiddam]</span> <span class='ocrx_word' id='word_1_344' title='bbox 1262 1387 1326 1427; x_wconf 91' lang='lat' dir='ltr'>Ob</span> <span class='ocrx_word' id='word_1_345' title='bbox 1339 1388 1435 1425; x_wconf 84' lang='lat' dir='ltr'>hanc</span> <span class='ocrx_word' id='word_1_346' title='bbox 1451 1379 1608 1424; x_wconf 78' lang='lat' dir='ltr'>fortasse</span> 
     </span>
     <span class='ocr_line' id='line_1_69' title="bbox 865 1442 1607 1497; baseline -0.008 -14"><span class='ocrx_word' id='word_1_347' title='bbox 865 1442 1038 1490; x_wconf 83' lang='lat' dir='ltr'>cauffam,</span> <span class='ocrx_word' id='word_1_348' title='bbox 1070 1454 1112 1482; x_wconf 89' lang='lat' dir='ltr'>vt</span> <span class='ocrx_word' id='word_1_349' title='bbox 1143 1445 1310 1497; x_wconf 87' lang='lat' dir='ltr'>Appium</span> <span class='ocrx_word' id='word_1_350' title='bbox 1344 1452 1607 1484; x_wconf 81' lang='lat' dir='ltr'>remunerare-</span> 
     </span>
     <span class='ocr_line' id='line_1_70' title="bbox 863 1497 1609 1553; baseline -0.008 -13"><span class='ocrx_word' id='word_1_351' title='bbox 863 1510 939 1549; x_wconf 88' lang='lat' dir='ltr'>tur,</span> <span class='ocrx_word' id='word_1_352' title='bbox 967 1499 1107 1553; x_wconf 77' lang='lat' dir='ltr'>scripsit</span> <span class='ocrx_word' id='word_1_353' title='bbox 1137 1502 1274 1539; x_wconf 84' lang='lat' dir='ltr'>Cicero</span> <span class='ocrx_word' id='word_1_354' title='bbox 1300 1499 1444 1540; x_wconf 86' lang='lat' dir='ltr'>librum</span> <span class='ocrx_word' id='word_1_355' title='bbox 1474 1497 1521 1536; x_wconf 88' lang='lat' dir='ltr'>de</span> <span class='ocrx_word' id='word_1_356' title='bbox 1543 1508 1609 1535; x_wconf 81' lang='lat' dir='ltr'>au·</span> 
     </span>
     <span class='ocr_line' id='line_1_71' title="bbox 862 1558 1522 1609; baseline -0.008 -12"><span class='ocrx_word' id='word_1_357' title='bbox 862 1559 996 1608; x_wconf 86' lang='lat' dir='ltr'>guriis,</span> <span class='ocrx_word' id='word_1_358' title='bbox 1019 1570 1133 1609; x_wconf 88' lang='lat' dir='ltr'>quem</span> <span class='ocrx_word' id='word_1_359' title='bbox 1151 1558 1313 1597; x_wconf 66' lang='lat' dir='ltr'>Carisius</span> <span class='ocrx_word' id='word_1_360' title='bbox 1335 1558 1522 1596; x_wconf 85' lang='lat' dir='ltr'>nominat.</span> 
     </span>
    </p>

    <p class='ocr_par' dir='ltr' id='par_1_16' title="bbox 862 1612 1609 1711">
     <span class='ocr_line' id='line_1_72' title="bbox 919 1612 1609 1669; baseline -0.009 -15"><span class='ocrx_word' id='word_1_361' title='bbox 919 1612 1246 1666; x_wconf 68' lang='lat' dir='ltr'>Corfiderandum</span> <span class='ocrx_word' id='word_1_362' title='bbox 1278 1613 1348 1669; x_wconf 58' lang='lat' dir='ltr'>est]</span> <span class='ocrx_word' id='word_1_363' title='bbox 1417 1614 1456 1652; x_wconf 89' lang='lat' dir='ltr'>Si</span> <span class='ocrx_word' id='word_1_364' title='bbox 1482 1617 1609 1661; x_wconf 70' lang='lat' dir='ltr'>gratu·</span> 
     </span>
     <span class='ocr_line' id='line_1_73' title="bbox 862 1669 1069 1711; baseline -0.005 0"><span class='ocrx_word' id='word_1_365' title='bbox 862 1670 935 1711; x_wconf 83' lang='lat' dir='ltr'>effe</span> <span class='ocrx_word' id='word_1_366' title='bbox 961 1669 1069 1711; x_wconf 85' lang='lat' dir='ltr'>volo.</span> 
     </span>
    </p>
   </div>
   <div class='ocr_carea' id='block_1_11' title="bbox 859 1737 1614 2308">
    <p class='ocr_par' dir='ltr' id='par_1_17' title="bbox 859 1737 1613 1895">
     <span class='ocr_line' id='line_1_74' title="bbox 919 1737 1609 1799; baseline -0.012 -17"><span class='ocrx_word' id='word_1_367' title='bbox 919 1743 1097 1799; x_wconf 67' lang='lat' dir='ltr'>Qaeonam</span> <span class='ocrx_word' id='word_1_368' title='bbox 1107 1742 1264 1797; x_wconf 82' lang='lat' dir='ltr'>genere]</span> <span class='ocrx_word' id='word_1_369' title='bbox 1324 1742 1414 1791; x_wconf 72' lang='lat' dir='ltr'>Quo</span> <span class='ocrx_word' id='word_1_370' title='bbox 1435 1737 1609 1778; x_wconf 75' lang='lat' dir='ltr'>muneris</span> 
     </span>
     <span class='ocr_line' id='line_1_75' title="bbox 859 1794 1613 1851; baseline -0.008 -13"><span class='ocrx_word' id='word_1_371' title='bbox 859 1812 1022 1848; x_wconf 79' lang='lat' dir='ltr'>genere:</span> <span class='ocrx_word' id='word_1_372' title='bbox 1048 1798 1088 1837; x_wconf 93' lang='lat' dir='ltr'>id</span> <span class='ocrx_word' id='word_1_373' title='bbox 1108 1800 1172 1846; x_wconf 85' lang='lat' dir='ltr'>est,</span> <span class='ocrx_word' id='word_1_374' title='bbox 1190 1798 1284 1851; x_wconf 92' lang='lat' dir='ltr'>quid</span> <span class='ocrx_word' id='word_1_375' title='bbox 1303 1797 1351 1838; x_wconf 80' lang='lat' dir='ltr'>ad</span> <span class='ocrx_word' id='word_1_376' title='bbox 1378 1806 1416 1837; x_wconf 84' lang='lat' dir='ltr'>te</span> <span class='ocrx_word' id='word_1_377' title='bbox 1437 1794 1613 1842; x_wconf 72' lang='lat' dir='ltr'>scribam,</span> 
     </span>
     <span class='ocr_line' id='line_1_76' title="bbox 862 1866 1223 1895; baseline 0 0"><span class='ocrx_word' id='word_1_378' title='bbox 862 1866 904 1895; x_wconf 85' lang='lat' dir='ltr'>vt</span> <span class='ocrx_word' id='word_1_379' title='bbox 925 1866 962 1895; x_wconf 90' lang='lat' dir='ltr'>te</span> <span class='ocrx_word' id='word_1_380' title='bbox 989 1869 1223 1895; x_wconf 85' lang='lat' dir='ltr'>remunerer.</span> 
     </span>
    </p>

    <p class='ocr_par' dir='ltr' id='par_1_18' title="bbox 863 1911 1611 2018">
     <span class='ocr_line' id='line_1_77' title="bbox 923 1911 1611 1967; baseline -0.012 -14"><span class='ocrx_word' id='word_1_381' title='bbox 923 1911 1087 1965; x_wconf 81' lang='lat' dir='ltr'>Videar]</span> <span class='ocrx_word' id='word_1_382' title='bbox 1117 1911 1168 1960; x_wconf 89' lang='lat' dir='ltr'>Si,&#39;</span> <span class='ocrx_word' id='word_1_383' title='bbox 1190 1920 1344 1967; x_wconf 83' lang='lat' dir='ltr'>accepto</span> <span class='ocrx_word' id='word_1_384' title='bbox 1369 1923 1392 1949; x_wconf 82' lang='lat' dir='ltr'>a</span> <span class='ocrx_word' id='word_1_385' title='bbox 1420 1917 1458 1950; x_wconf 88' lang='lat' dir='ltr'>te</span> <span class='ocrx_word' id='word_1_386' title='bbox 1476 1919 1611 1949; x_wconf 86' lang='lat' dir='ltr'>mune·</span> 
     </span>
     <span class='ocr_line' id='line_1_78' title="bbox 863 1966 1263 2018; baseline -0.005 -8"><span class='ocrx_word' id='word_1_387' title='bbox 863 1983 919 2018; x_wconf 89' lang='lat' dir='ltr'>re,</span> <span class='ocrx_word' id='word_1_388' title='bbox 939 1966 1038 2008; x_wconf 84' lang='lat' dir='ltr'>nihil</span> <span class='ocrx_word' id='word_1_389' title='bbox 1059 1971 1263 2013; x_wconf 77' lang='lat' dir='ltr'>remittam,</span> 
     </span>
    </p>

    <p class='ocr_par' dir='ltr' id='par_1_19' title="bbox 864 2021 1614 2308">
     <span class='ocr_line' id='line_1_79' title="bbox 923 2021 1610 2079; baseline -0.01 -13"><span class='ocrx_word' id='word_1_390' title='bbox 923 2027 976 2066; x_wconf 87' lang='lat' dir='ltr'>Vt</span> <span class='ocrx_word' id='word_1_391' title='bbox 985 2025 1236 2079; x_wconf 75' lang='lat' dir='ltr'>supplicatio]</span> <span class='ocrx_word' id='word_1_392' title='bbox 1316 2027 1389 2065; x_wconf 88' lang='lat' dir='ltr'>Pro</span> <span class='ocrx_word' id='word_1_393' title='bbox 1422 2023 1538 2063; x_wconf 73' lang='lat' dir='ltr'>rebus</span> <span class='ocrx_word' id='word_1_394' title='bbox 1563 2021 1610 2060; x_wconf 76' lang='lat' dir='ltr'>in</span> 
     </span>
     <span class='ocr_line' id='line_1_80' title="bbox 864 2079 1610 2134; baseline -0.008 -12"><span class='ocrx_word' id='word_1_395' title='bbox 864 2085 1012 2123; x_wconf 85' lang='lat' dir='ltr'>Amano</span> <span class='ocrx_word' id='word_1_396' title='bbox 1033 2092 1166 2122; x_wconf 88' lang='lat' dir='ltr'>monte</span> <span class='ocrx_word' id='word_1_397' title='bbox 1185 2083 1314 2133; x_wconf 80' lang='lat' dir='ltr'>gestis:</span> <span class='ocrx_word' id='word_1_398' title='bbox 1342 2095 1388 2121; x_wconf 86' lang='lat' dir='ltr'>ex</span> <span class='ocrx_word' id='word_1_399' title='bbox 1400 2094 1477 2134; x_wconf 82' lang='lat' dir='ltr'>qua</span> <span class='ocrx_word' id='word_1_400' title='bbox 1487 2079 1610 2120; x_wconf 62' lang='lat' dir='ltr'>vieto-</span> 
     </span>
     <span class='ocr_line' id='line_1_81' title="bbox 865 2136 1608 2194; baseline -0.004 -16"><span class='ocrx_word' id='word_1_401' title='bbox 865 2141 922 2179; x_wconf 87' lang='lat' dir='ltr'>ria</span> <span class='ocrx_word' id='word_1_402' title='bbox 941 2142 1153 2193; x_wconf 82' lang='lat' dir='ltr'>imperator</span> <span class='ocrx_word' id='word_1_403' title='bbox 1172 2136 1381 2194; x_wconf 80' lang='lat' dir='ltr'>appellatus</span> <span class='ocrx_word' id='word_1_404' title='bbox 1400 2136 1462 2177; x_wconf 88' lang='lat' dir='ltr'>est.</span> <span class='ocrx_word' id='word_1_405' title='bbox 1475 2148 1608 2189; x_wconf 83' lang='lat' dir='ltr'>quam-</span> 
     </span>
     <span class='ocr_line' id='line_1_82' title="bbox 865 2193 1610 2250; baseline -0.008 -13"><span class='ocrx_word' id='word_1_406' title='bbox 865 2209 980 2250; x_wconf 83' lang='lat' dir='ltr'>quam</span> <span class='ocrx_word' id='word_1_407' title='bbox 1001 2195 1257 2236; x_wconf 71' lang='lat' dir='ltr'>Pindenissum</span> <span class='ocrx_word' id='word_1_408' title='bbox 1272 2196 1386 2235; x_wconf 83' lang='lat' dir='ltr'>etiam</span> <span class='ocrx_word' id='word_1_409' title='bbox 1410 2193 1536 2248; x_wconf 84' lang='lat' dir='ltr'>postea</span> <span class='ocrx_word' id='word_1_410' title='bbox 1553 2206 1610 2231; x_wconf 89' lang='lat' dir='ltr'>ce-</span> 
     </span>
     <span class='ocr_line' id='line_1_83' title="bbox 864 2250 1614 2308; baseline -0.009 -14"><span class='ocrx_word' id='word_1_411' title='bbox 864 2256 932 2308; x_wconf 89' lang='lat' dir='ltr'>pit.</span> <span class='ocrx_word' id='word_1_412' title='bbox 942 2252 1009 2293; x_wconf 85' lang='lat' dir='ltr'>lib.</span> <span class='ocrx_word' id='word_1_413' title='bbox 1021 2267 1059 2295; x_wconf 89' lang='lat'>2.</span> <span class='ocrx_word' id='word_1_414' title='bbox 1072 2254 1174 2306; x_wconf 85' lang='lat' dir='ltr'>epist.</span> <span class='ocrx_word' id='word_1_415' title='bbox 1193 2265 1256 2294; x_wconf 90' lang='lat'>10.</span> <span class='ocrx_word' id='word_1_416' title='bbox 1269 2261 1306 2292; x_wconf 89' lang='lat' dir='ltr'>et</span> <span class='ocrx_word' id='word_1_417' title='bbox 1314 2250 1381 2291; x_wconf 83' lang='lat' dir='ltr'>lib.</span> <span class='ocrx_word' id='word_1_418' title='bbox 1397 2263 1416 2294; x_wconf 86' lang='lat'>1</span> <span class='ocrx_word' id='word_1_419' title='bbox 1425 2250 1614 2304; x_wconf 65' lang='lat' dir='ltr'>5.epist.4,</span> 
     </span>
    </p>
   </div>
   <div class='ocr_carea' id='block_1_12' title="bbox 861 2320 1616 2886">
    <p class='ocr_par' dir='ltr' id='par_1_20' title="bbox 865 2320 1611 2535">
     <span class='ocr_line' id='line_1_84' title="bbox 919 2320 1611 2379; baseline -0.003 -16"><span class='ocrx_word' id='word_1_420' title='bbox 919 2322 1158 2376; x_wconf 63' lang='lat' dir='ltr'>Difficultas.</span> <span class='ocrx_word' id='word_1_421' title='bbox 1191 2320 1422 2379; x_wconf 77' lang='lat' dir='ltr'>naus‘gandt]</span> <span class='ocrx_word' id='word_1_422' title='bbox 1508 2321 1611 2362; x_wconf 74' lang='lat' dir='ltr'>Misit</span> 
     </span>
     <span class='ocr_line' id='line_1_85' title="bbox 865 2377 1611 2421; baseline -0.007 0"><span class='ocrx_word' id='word_1_423' title='bbox 865 2382 969 2421; x_wconf 88' lang='lat' dir='ltr'>enim</span> <span class='ocrx_word' id='word_1_424' title='bbox 987 2379 1131 2420; x_wconf 77' lang='lat' dir='ltr'>litteras</span> <span class='ocrx_word' id='word_1_425' title='bbox 1151 2378 1199 2418; x_wconf 83' lang='lat' dir='ltr'>ad</span> <span class='ocrx_word' id='word_1_426' title='bbox 1218 2379 1386 2420; x_wconf 85' lang='lat' dir='ltr'>senatum</span> <span class='ocrx_word' id='word_1_427' title='bbox 1404 2377 1532 2418; x_wconf 86' lang='lat' dir='ltr'>mense</span> <span class='ocrx_word' id='word_1_428' title='bbox 1552 2379 1611 2416; x_wconf 70' lang='lat' dir='ltr'>Ia·</span> 
     </span>
     <span class='ocr_line' id='line_1_86' title="bbox 866 2435 1610 2490; baseline -0.003 -13"><span class='ocrx_word' id='word_1_429' title='bbox 866 2439 1016 2478; x_wconf 72' lang='lat' dir='ltr'>nuatio.</span> <span class='ocrx_word' id='word_1_430' title='bbox 1047 2435 1152 2490; x_wconf 87' lang='lat' dir='ltr'>quod</span> <span class='ocrx_word' id='word_1_431' title='bbox 1172 2435 1239 2476; x_wconf 89' lang='lat' dir='ltr'>lib.</span> <span class='ocrx_word' id='word_1_432' title='bbox 1255 2447 1291 2489; x_wconf 81' lang='grc' dir='ltr'>ς.</span> <span class='ocrx_word' id='word_1_433' title='bbox 1309 2435 1357 2476; x_wconf 86' lang='lat' dir='ltr'>ad</span> <span class='ocrx_word' id='word_1_434' title='bbox 1379 2435 1610 2489; x_wconf 78' lang='lat' dir='ltr'>Attic.epist.</span> 
     </span>
     <span class='ocr_line' id='line_1_87' title="bbox 868 2492 1245 2535; baseline -0.008 0"><span class='ocrx_word' id='word_1_435' title='bbox 868 2505 934 2535; x_wconf 86' lang='lat'>20.</span> <span class='ocrx_word' id='word_1_436' title='bbox 953 2492 1043 2533; x_wconf 82' lang='lat' dir='ltr'>satis</span> <span class='ocrx_word' id='word_1_437' title='bbox 1073 2492 1245 2532; x_wconf 78' lang='lat' dir='ltr'>ostendit.</span> 
     </span>
    </p>

    <p class='ocr_par' dir='ltr' id='par_1_21' title="bbox 861 2547 1613 2830">
     <span class='ocr_line' id='line_1_88' title="bbox 925 2547 1611 2604; baseline -0.006 -14"><span class='ocrx_word' id='word_1_438' title='bbox 925 2551 972 2590; x_wconf 83' lang='lat' dir='ltr'>In</span> <span class='ocrx_word' id='word_1_439' title='bbox 986 2550 1108 2603; x_wconf 85' lang='lat' dir='ltr'>ipsum</span> <span class='ocrx_word' id='word_1_440' title='bbox 1133 2547 1509 2604; x_wconf 67' lang='lat' dir='ltr'>discefficmfi‘natus]</span> <span class='ocrx_word' id='word_1_441' title='bbox 1525 2549 1611 2588; x_wconf 77' lang='lat' dir='ltr'>Dis-</span> 
     </span>
     <span class='ocr_line' id='line_1_89' title="bbox 861 2604 1613 2661; baseline -0.003 -15"><span class='ocrx_word' id='word_1_442' title='bbox 861 2605 1026 2647; x_wconf 71' lang='lat' dir='ltr'>cedebat</span> <span class='ocrx_word' id='word_1_443' title='bbox 1057 2604 1205 2645; x_wconf 79' lang='lat' dir='ltr'>senatus</span> <span class='ocrx_word' id='word_1_444' title='bbox 1241 2604 1362 2661; x_wconf 81' lang='lat' dir='ltr'>Aprili</span> <span class='ocrx_word' id='word_1_445' title='bbox 1386 2604 1523 2653; x_wconf 81' lang='lat' dir='ltr'>mense,</span> <span class='ocrx_word' id='word_1_446' title='bbox 1548 2618 1613 2644; x_wconf 83' lang='lat' dir='ltr'>cu·</span> 
     </span>
     <span class='ocr_line' id='line_1_90' title="bbox 869 2661 1611 2703; baseline -0.004 -1"><span class='ocrx_word' id='word_1_447' title='bbox 869 2665 928 2702; x_wconf 89' lang='lat' dir='ltr'>ius</span> <span class='ocrx_word' id='word_1_448' title='bbox 950 2663 1031 2703; x_wconf 86' lang='lat' dir='ltr'>fere</span> <span class='ocrx_word' id='word_1_449' title='bbox 1059 2662 1138 2702; x_wconf 91' lang='lat' dir='ltr'>dies</span> <span class='ocrx_word' id='word_1_450' title='bbox 1169 2677 1299 2702; x_wconf 82' lang='lat' dir='ltr'>onmes</span> <span class='ocrx_word' id='word_1_451' title='bbox 1333 2661 1394 2702; x_wconf 90' lang='lat' dir='ltr'>vel</span> <span class='ocrx_word' id='word_1_452' title='bbox 1417 2661 1516 2701; x_wconf 81' lang='lat' dir='ltr'>ludis</span> <span class='ocrx_word' id='word_1_453' title='bbox 1545 2661 1611 2700; x_wconf 82' lang='lat' dir='ltr'>da-</span> 
     </span>
     <span class='ocr_line' id='line_1_91' title="bbox 870 2717 1610 2768; baseline -0.004 -8"><span class='ocrx_word' id='word_1_454' title='bbox 870 2722 1022 2768; x_wconf 78' lang='lat' dir='ltr'>bantur,</span> <span class='ocrx_word' id='word_1_455' title='bbox 1037 2718 1097 2758; x_wconf 90' lang='lat' dir='ltr'>vel</span> <span class='ocrx_word' id='word_1_456' title='bbox 1116 2718 1195 2759; x_wconf 86' lang='lat' dir='ltr'>festi</span> <span class='ocrx_word' id='word_1_457' title='bbox 1216 2729 1337 2767; x_wconf 85' lang='lat' dir='ltr'>erant,</span> <span class='ocrx_word' id='word_1_458' title='bbox 1357 2717 1419 2758; x_wconf 89' lang='lat' dir='ltr'>vel</span> <span class='ocrx_word' id='word_1_459' title='bbox 1440 2719 1610 2759; x_wconf 78' lang='lat' dir='ltr'>comitia-</span> 
     </span>
     <span class='ocr_line' id='line_1_92' title="bbox 869 2776 1613 2830; baseline -0.003 -12"><span class='ocrx_word' id='word_1_460' title='bbox 869 2776 937 2824; x_wconf 85' lang='lat' dir='ltr'>les,</span> <span class='ocrx_word' id='word_1_461' title='bbox 957 2777 1095 2830; x_wconf 83' lang='lat' dir='ltr'>quibus</span> <span class='ocrx_word' id='word_1_462' title='bbox 1112 2776 1247 2817; x_wconf 80' lang='lat' dir='ltr'>haberi</span> <span class='ocrx_word' id='word_1_463' title='bbox 1265 2776 1434 2817; x_wconf 82' lang='lat' dir='ltr'>senatum</span> <span class='ocrx_word' id='word_1_464' title='bbox 1463 2789 1542 2814; x_wconf 89' lang='lat' dir='ltr'>non</span> <span class='ocrx_word' id='word_1_465' title='bbox 1566 2776 1613 2816; x_wconf 89' lang='lat' dir='ltr'>li-</span> 
     </span>
    </p>

    <p class='ocr_par' dir='ltr' id='par_1_22' title="bbox 925 2834 1616 2886">
     <span class='ocr_line' id='line_1_93' title="bbox 925 2834 1616 2886; baseline 0.003 -13"><span class='ocrx_word' id='word_1_466' title='bbox 925 2836 949 2873; x_wconf 77' lang='lat' dir='ltr'>P</span> <span class='ocrx_word' id='word_1_467' title='bbox 976 2846 1005 2886; x_wconf 82' lang='lat'>4</span> <span class='ocrx_word' id='word_1_468' title='bbox 1490 2834 1616 2875; x_wconf 20' lang='lat' dir='ltr'>cebat..</span> 
     </span>
    </p>
   </div>
  </div>
 </body>
</html>
