1863 3172
213 117 220 126 '
280 113 349 154 IN
382 110 497 150 CIC.
526 108 717 149 EPIST.
747 107 886 148 FAM.
915 107 1025 146 LIB.
1045 107 1095 146 11.
1126 103 1469 147 EPIST.xvn.‘

170 227 216 275 X,
243 224 395 263 decem:

164 285 209 329 L,
229 282 530 334 quinquaginta:

168 340 214 385 C,
236 349 410 376 centum:

168 406 230 440 13,
252 396 458 447 quingenta
476 408 484 430 :

166 462 259 498 Cis),
287 450 392 489 mille
410 466 417 489 :

165 519 256 554 133,
279 509 452 560 quinque
482 503 626 544 millia:

163 575 326 612 CCIOO,
347 565 475 603 decem
496 560 637 601 millia:

165 631 244 664 133
255 635 295 668 3,
317 621 592 674 quinquaginta
613 613 754 655 millia:

167 689 392 725 cccmoo,
412 688 561 716 centum
580 673 713 712 millia.

107 737 233 784 Qiam
275 737 535 783 cognitionem
583 728 798 779 legentibus

52 805 132 831 non
158 791 403 832 iniucfindam
432 790 540 836 fore,
579 786 660 826 sum
699 787 798 825 arbi-

52 859 182 888 tratus.

108 908 191 944 Hoc
232 906 344 943 etiam
375 902 592 950 adiungam,
621 913 642 938 a
673 899 796 953 prima

49 973 154 1009 nota,
167 965 197 1008 I,
217 972 356 1000 ceteras
373 973 505 999 omnes
520 956 675 997 fluxiss'e.
693 969 796 1002 nam,

48 1023 96 1065 V,
117 1019 212 1058 duae
237 1020 381 1072 primae
407 1027 519 1055 notae
539 1015 636 1061 sunt,
663 1014 795 1052 infima

47 1078 154 1129 pa'rte
174 1076 409 1115 coniunc'iae.
439 1076 542 1120 item,
566 1074 611 1118 X,
636 1072 686 1109 est
713 1071 798 1123 qui-

47 1135 146 1171 narii
174 1133 323 1171 numeri
355 1143 446 1170 nota
476 1128 676 1184 duplicata,
709 1141 795 1166 cum

48 1189 158 1237 duae,
179 1194 224 1238 V,
248 1192 288 1228 in
319 1200 431 1228 acuto
454 1185 594 1237 angulo
635 1186 794 1224 coniun-

45 1260 195 1296 gantur.
223 1256 274 1292 at‚
294 1249 336 1293 L,
360 1245 453 1299 quid
474 1246 536 1291 est,
567 1243 634 1281 nifi
668 1242 793 1295 prima

44 1303 110 1344 illa
125 1315 228 1351 nota,
249 1306 279 1350 I,
299 1305 413 1350 tedia,
436 1313 473 1341 et
492 1301 609 1340 altera
630 1299 791 1351 prostra-

45 1371 96 1409 ta,
116 1360 221 1400 simul
236 1361 412 1399 iun6³me3
441 1357 582 1412 quodsi
599 1355 790 1395 addideris

45 1419 87 1458 in
117 1417 259 1457 summa
288 1428 394 1470 parte
410 1415 522 1455 aliam
539 1415 702 1468 primam
722 1425 790 1450 no·

46 1490 137 1528 tam,
147 1482 238 1520 item
259 1480 503 1533 prostratam:
525 1479 588 1518 fiet
612 1477 669 1543 E
687 1503 695 1519 ,
708 1493 798 1518 ρεη-ι

47 1561 139 1591 tum.
160 1565 239 1589 non
260 1551 361 1589 enim
381 1548 508 1602 priscis
537 1547 789 1602 temporibus,

46 1622 118 1662 pro
147 1618 317 1655 centum,
357 1605 581 1653 scribebant,
610 1606 654 1652 C,
683 1602 789 1657 quod

0 1701 1 1718 1
45 1664 93 1704 ad
113 1676 274 1705 aetatem
295 1664 460 1702 nostram
481 1662 695 1717 permansit,
714 1659 788 1707 sed,

0 1753 1 1794 i
62 1736 113 1792 E
140 1754 148 1776 :
179 1749 275 1789 quae
315 1746 421 1773 erant
448 1744 522 1773 tres
548 1734 694 1789 primae
722 1745 791 1771 no-

47 1812 105 1842 tae
141 1797 388 1843 consociatae,
416 1809 492 1835 vna
536 1796 652 1842 reeta,
691 1792 789 1832 duae

43 1859 251 1915 prostratae
262 1883 274 1901 ,
304 1851 400 1892 cum'
416 1854 519 1892 re&a
548 1851 788 1897 coniundhe,

45 1930 122 1954 vna
149 1915 190 1952 in
225 1911 419 1964 superiore
449 1918 569 1962 parte,
596 1906 714 1947 altera
744 1908 786 1945 in

42 1972 240 2013 inferiore.
326 1968 541 2016 Qingenta
572 1979 666 2005 vero
692 1963 788 2004 fece-

43 2040 148 2077 runt,
179 2024 305 2066 addita
342 2022 389 2062 ad
419 2034 494 2063 tres
532 2032 665 2070 ποίεε,
694 2022 788 2074 q'uas

44 2088 221 2142 proxime
256 2082 478 2128 nominaui,
509 2089 644 2132 quarta
671 2080 788 2126 refla,

46 2158 132 2183 cum
166 2140 309 2180 duabus
338 2139 533 2191 prostratis
573 2136 789 2182 coniunfila,

44 2208 118 2247 hoc
127 2204 258 2250 modo,
291 2201 358 2261 U
385 2240 396 2250 ‚
408 2214 482 2254 qua
492 2200 613 2264 fig‘ura
624 2195 788 2251 duplica·

47 2294 100 2331 ta,
119 2268 290 2322 fecerunt
306 2277 410 2320 mille
420 2277 493 2316 hoc
503 2274 636 2322 modo,
655 2271 786 2332 [Πς

47 2344 150 2394 vnde
178 2353 318 2408 postea,
336 2349 584 2389 librariorum
611 2347 786 2395 arbitrio,

47 2413 176 2452 variae
195 2419 320 2456 notae,
354 2419 452 2461 quae
478 2400 584 2443 mille
611 2404 788 2452 fignifica-

45 2479 145 2516 rent,
167 2466 288 2506 facffae
307 2464 406 2512 sunt,
432 2474 593 2518 quarum
623 2460 787 2500 nonnul-

45 2532 101 2572 las
114 2529 363 2579 ostendemus.
380 2539 467 2564 nam
477 2537 523 2562 ex
547 2523 655 2582 [J]
677 2519 788 2586 ²fieri

47 2613 224 2656 coeptum
253 2602 304 2640 est
324 2606 473 2666 Οἷς)
492 2637 506 2662 5
526 2612 563 2643 et
604 2607 699 2663 (A')
716 2638 729 2662 ,
749 2615 788 2644 et

50 2696 143 2731 (τῖε),
173 2694 209 2722 et
231 2682 341 2743 (ΣΙ),
362 2679 461 2720 vnde
487 2681 529 2718 M
561 2678 788 2741 dannatum,

49 2771 125 2810 quo
139 2770 209 2809 pro
219 2752 323 2792 mille
335 2750 450 2790 hodie
460 2764 614 2803 quoque
625 2752 766 2790 vtimur
780 2770 789 2792 :

48 2828 134 2854 cum
148 2811 247 2863 „olim
276 2820 366 2851 nota
392 2807 522 2856 fuerit,
543 2811 623 2847 non
651 2805 791 2848 littera.

1537 116 1618 162 199

924 219 1098 274 Praeda]
1153 218 1340 261 Vniuersa
1383 219 1538 273 praeda,
1568 233 1614 261 ex

865 282 1013 318 Amano
1043 286 1176 317 monte
1203 277 1356 330 direpto
1384 290 1427 315 ac
1454 279 1610 318 vastato.

864 350 975 382 nam,
1017 332 1234 374 Pindenisso
1281 344 1405 387 capto,
1455 348 1609 374 omnem

862 392 1056 446 praedam,
1097 393 1204 444 equis
1254 393 1430 445 exceptis,
1472 393 1609 431 Cicero

862 448 1051 488 militibus
1103 446 1340 488 concess'erat.
1378 447 1487 502 quod
1531 449 1607 503 ipse

858 504 986 544 scribit
1007 503 1072 544 lib.
1087 515 1121 557 ς.
1146 503 1193 543 ad
1214 507 1323 544 Attic.
1343 507 1443 558 epist.
1458 516 1524 546 20.

916 563 1049 601 Omnis
1066 563 1162 600 enim
1173 564 1327 609 pecunia
1341 583 1390 592 --
1410 562 1606 618 aquaefla-

857 634 899 659 re
909 618 1080 671 curetur]
1097 615 1248 657 Praeda
1260 628 1419 657 vocatur
1430 619 1483 667 id,
1497 620 1602 672 quod

857 690 901 716 ex
931 676 1100 715 hostibus
1132 685 1296 728 partum,
1326 675 1497 714 nondum
1537 691 1602 716 ne-

856 747 931 787 que
965 731 1130 771 diuisum
1170 732 1243 778 est,
1283 745 1408 786 neque
1441 733 1598 772 vrbanis

856 790 1121 843 quaestoribus
1149 788 1352 837 traditum,
1391 799 1433 829 vt
1460 791 1489 828 ii
1509 804 1600 830 mox

852 850 894 887 in
924 848 1115 886 aerarium
1149 845 1347 885 inferrent.
1389 848 1472 900 post
1502 846 1600 886 diui·

852 906 995 944 sionem
1024 901 1171 956 praeda
1205 917 1284 942 non
1313 902 1461 943 dicitur.
1507 903 1599 944 ideo

846 961 1036 1015 praedam
1059 962 1196 1000 Cicero
1231 971 1342 1001 vocat
1371 975 1454 1000 eam
1484 975 1598 1015 pecu-

852 1020 938 1058 niae
960 1027 1122 1072 partem‚
1142 1031 1253 1070 quae,
1272 1018 1437 1057 venditis
1458 1020 1597 1058 manci-

851 1077 938 1129 piis,
958 1073 1063 1115 bello
1084 1076 1214 1128 captis,
1233 1077 1375 1124 madia,
1408 1075 1453 1114 ad
1475 1089 1597 1129 popu-

851 1132 932 1172 lum
948 1135 1165 1172 Romanum
1183 1134 1416 1185 pertinebat:
1445 1143 1595 1187 partem

851 1199 978 1230 autem
1010 1190 1078 1229 fibi
1122 1190 1357 1243 attributam,
1394 1203 1475 1229 non
1515 1192 1599 1230 iam

843 1245 1056 1300 praedam,
1091 1244 1154 1285 sed
1187 1250 1384 1300 pecuniam
1415 1245 1593 1301 appellat.

848 1305 1040 1357 Mancipia
1067 1317 1162 1342 vero
1201 1313 1347 1343 tantum
1378 1306 1593 1354 nominaui,

847 1362 938 1413 quia
966 1359 1114 1413 reliqua
1139 1362 1263 1400 omnis
1289 1362 1454 1416 praeda,
1481 1363 1592 1416 equit

848 1419 1025 1470 exceptis,
1039 1415 1224 1457 militibus
1246 1418 1424 1458 concessa.
1455 1433 1530 1472 qua
1542 1419 1591 1458 de

847 1488 889 1514 re
907 1475 952 1513 fic
971 1473 1038 1514 lib.
1050 1485 1087 1526 5.
1106 1473 1153 1513 ad
1171 1476 1282 1514 Attic.
1295 1477 1398 1528 epist.
1428 1476 1590 1516 20.Mi-

845 1531 992 1578 litibus,
1035 1533 1136 1587 equis
1180 1534 1362 1584 exceptis,
1395 1533 1589 1588 reliquam

840 1587 1028 1642 praedam
1042 1586 1289 1639 conceffimus.
1299 1591 1488 1642 mancipia
1502 1603 1591 1629 vae·

845 1644 984 1685 nibant
1003 1645 1276 1685 Saturnalibus
1299 1647 1437 1686 tertiis.
1493 1648 1590 1686 Cum

846 1701 937 1742 haec
953 1699 1194 1753 scribebam,
1232 1704 1285 1741 in,
1299 1701 1491 1744 tribunali
1525 1716 1591 1743 res·

847 1770 936 1799 erat
977 1756 1033 1800 ad
1062 1759 1164 1799 H-S
1188 1758 1305 1799 CXX.
1391 1758 1507 1809 Quod
1536 1757 1587 1799 ad

845 1814 1069 1869 pmefe&os‚
1101 1815 1264 1869 praedae
1297 1817 1477 1864 custodeS,
1502 1819 1588 1857 atti-

845 1881 929 1911 net:
959 1886 1008 1910 ne
1027 1869 1148 1911 Ῑεξὶοι·
1175 1875 1368 1912 communi
1393 1872 1585 1914 vocabulo

843 1928 1066 1982 decipiatur,
1089 1929 1289 1970 dicendum
1308 1932 1494 1985 est,³quot
1523 1945 1587 1981 ge-

844 1999 936 2027 nera
969 1984 1252 2039 praefeetorum
1294 1989 1339 2027 in
1384 1990 1585 2028 ciceronis

843 2044 1044 2097 prouincia
1075 2042 1243 2092 fuerint,
1269 2053 1305 2084 et
1340 2046 1496 2097 quinam
1524 2046 1587 2085 hie

844 2100 1108 2150 fignificentur.
1162 2103 1311 2140 Genera
1342 2103 1459 2152 igitur
1477 2100 1589 2142 fuere

844 2166 1038 2210 quattuor,
1068 2171 1187 2197 vnum
1214 2165 1362 2206 eorum,
1387 2160 1454 2212 qui
1474 2172 1588 2212 eque-

843 2215 981 2254 stribus
1002 2215 1135 2252 turmis
1160 2225 1380 2268 praeerant:
1407 2214 1587 2265 alterum,

844 2273 913 2325 qui
937 2273 1124 2309 euocatis:
1153 2273 1323 2319 tertium,
1343 2274 1423 2325 qui,
1443 2274 1584 2325 quibus

841 2329 884 2367 in
929 2328 1146 2367 ciuitatibus
1197 2327 1401 2382 proconsul
1447 2329 1588 2370 affidue

844 2385 1071 2424 commorari
1102 2398 1180 2422 non
1209 2384 1339 2438 poss‘et,
1374 2388 1415 2424 in
1443 2388 1489 2425 iis
1517 2388 1587 2441 ipfi

842 2443 903 2480 ius
924 2439 1104 2488 dicerent,
1124 2450 1160 2480 et
1176 2442 1216 2480 in
1237 2453 1406 2482 extremo
1417 2456 1518 2482 anno
1528 2444 1586 2494 ¹,ad

845 2495 1038 2547 generales
1058 2508 1281 2546 conuentus,
1312 2514 1332 2538 a
1360 2499 1588 2553 proconsule

843 2554 1018 2597 indiffi’ms.
1032 2555 1369 2608 proficiscerentur,
1390 2567 1444 2604 vt,
1456 2558 1480 2595 si
1493 2558 1589 2611 quid

845 2613 885 2650 in
898 2613 1114 2651 ciuitatibus
1134 2625 1340 2665 perperam¹
1351 2614 1587 2663 iudicassent,

846 2666 1017 2721 querelas
1049 2670 1220 2723 omnium
1251 2669 1453 2722 proconsul
1482 2671 1587 2710 audi-

845 2739 900 2771 re,
921 2735 956 2762 et
981 2723 1190 2765 rescindere
1208 2726 1490 2778 praefeffiorum
1510 2727 1589 2766 sen·

847 2783 982 2822 tentias
1002 2782 1132 2835 posset.
1163 2785 1349 2833 Quartum
1369 2798 1487 2835 genus
1515 2785 1590 2824 fuit

905 2840 943 2878 N
969 2851 999 2892 4
1485 2846 1592 2897 pta&
