1863 3172
294 213 364 252 IN
390 212 503 252 CIC.
533 212 723 253 EPIST.
752 212 887 252 FAM.
935 211 1049 250 LIB.
1073 213 1117 251 V.
1147 211 1339 252 EPIST.
1360 213 1440 253 XX.

82 327 109 366 fi
131 326 214 380 quis
237 322 375 365 dixerit
409 326 509 366 hunc
541 326 613 366 ess‘e
644 329 697 381 M.
723 324 823 366 Tul.

82 382 178 424 lium
193 383 408 430 Tironem,
431 385 497 436 qui
529 395 564 423 et
586 383 687 437 ipse,
710 381 823 423 liber-

83 450 159 481 tate
188 438 370 486 donatus,
408 443 561 493 patroni
588 453 821 494 praenomen

81 506 120 536 et
143 510 285 536 nomen
298 496 503 552 ass'umptit:
535 495 703 547 negabo:
733 498 823 550 quia

80 553 185 594 Tiro
223 552 404 593 liberatus
442 557 494 593 cst
525 557 766 608 posteaquam
786 567 823 605 >e

79 612 281 664 prouincia
302 610 349 649 ad
367 612 498 651 vrbem
531 614 666 651 Cicero
689 610 824 650 rediit:

79 677 119 707 at
139 665 203 706 ille
226 666 358 716 scriba,
388 670 454 721 qui
476 671 644 708 rationes
674 670 714 707 in
736 681 824 721 pro-

78 725 205 764 vincia
237 727 439 772 maelmin,
463 724 623 765 libertus
662 727 824 764 omnino

79 780 165 821 fuit.
223 783 368 822 Scribas
417 783 519 821 euim
564 782 692 822 seruos
743 796 824 820 non

79 837 203 886 fuisse,
232 853 276 879 ex
295 853 341 878 eo
363 840 514 887 constat,
544 846 601 888 (vt
623 839 709 887 alia,
725 853 826 892 quae

79 894 198 936 multa
219 905 443 942 occurrunt,
471 909 693 946 argumenta
716 911 822 950 prae-

77 960 245 1000 teream)
275 952 378 1006 quod
398 954 580 994 Romanis
606 968 737 994 omnes
757 967 826 994 no·

79 1011 248 1050 minibus
269 1008 478 1065 appellatos
505 1011 690 1063 videmus.

133 1068 177 1106 In
202 1067 419 1107 rationibus
440 1067 646 1109 dumtaxat
657 1069 824 1122 referen-

79 1120 170 1173 dis]
207 1127 311 1173 Quas
344 1127 397 1164 M.
437 1123 596 1164 Tullius
632 1126 750 1166 scriba
778 1126 826 1166 ad

79 1183 270 1221 aerarium
300 1181 493 1227 retulerat,
524 1197 567 1222 ex
589 1198 709 1223 more.
739 1198 826 1224 nam

80 1239 122 1276 in
143 1250 238 1278 orat.
260 1240 300 1277 in
330 1237 454 1278 Pison.
487 1254 514 1278 e.
539 1253 606 1294 25.
643 1243 827 1291 rationes,

79 1295 218 1348 inquit,
240 1297 296 1335 ita
304 1295 403 1346 fitnt
418 1296 651 1350 perfitiptae
666 1297 769 1350 scite
793 1309 830 1338 et

80 1353 281 1399 litterate,
305 1362 348 1399 pt
359 1351 518 1402 sciilm,
551 1352 606 1392 ad
632 1358 831 1394 aerarium

29 1443 34 1446 .
82 1410 151 1463 qui
170 1422 232 1448 eas
253 1409 403 1456 retulit,
423 1420 493 1448 etc.
551 1412 829 1451 Interea'Cice-

81 1479 128 1505 ro
163 1463 390 1520 proconsul,
427 1468 516 1518 quia
546 1481 631 1506 cum
664 1469 829 1522 imperio

81 1534 176 1570 erat,
205 1522 268 1576 spe
290 1523 551 1576 triumphandi
573 1535 677 1564 extra
695 1527 830 1565 vrbem

81 1581 284 1627 manebat,
325 1594 393 1619 nec
431 1582 603 1630 introiit,
642 1583 709 1621 nifi
750 1584 831 1636 post

84 1636 330 1676 Pharsalicam
356 1651 546 1691 pugnam,
593 1639 740 1679 abiem
770 1639 832 1679 de-

83 1709 189 1735 mum
210 1694 394 1747 triumphi
413 1694 486 1748 spe.

143 1753 210 1791 Ius
253 1762 383 1798 vetus,
436 1763 475 1791 et
507 1765 586 1791 mos·
619 1751 831 1808 autiqitus]

83 1810 196 1857 Cum,
218 1806 300 1858 lege
330 1806 427 1846 Iulia
455 1808 626 1847 nondum
647 1807 741 1856 lata,
775 1823 833 1849 ra-

85 1868 211 1907 tiones
231 1867 271 1904 in
301 1866 499 1918 prouincia
530 1880 610 1904 non
639 1864 833 1919 relinque-

84 1924 236 1964 bantur.
266 1932 354 1961 tunc
366 1923 467 1961 enim
480 1936 540 1961 eas
557 1922 604 1961 ad
625 1923 759 1962 vrbem
775 1937 832 1963 re-

86 1982 210 2020 &ores
222 1981 509 2033 prouinciarum
535 1994 621 2020 cum
632 1978 706 2019 suis
719 1993 832 2034 quae-

87 2038 250 2086 storibus
271 2035 530 2076 conferebant.

142 2110 222 2149 Pro
241 2107 503 2149 conium‘lione
521 2106 668 2160 nostrae
690 2107 834 2160 neceffi-

89 2164 264 2219 tudinis]
295 2167 352 2206 De
373 2179 448 2218 qua
471 2163 560 2205 vide
579 2163 706 2207 libs2.
728 2167 832 2219 epist.

90 2221 158 2261 vlt.
180 2232 217 2261 et
238 2221 304 2262 lib.
335 2235 395 2275 13.
423 2223 525 2275 epist.
550 2224 614 2264 26.
638 2232 674 2261 et
693 2223 735 2260 in
765 2224 832 2262 Di-

93 2282 209 2318 vinat.
233 2295 264 2318 c.
292 2289 351 2331 19.
373 2289 411 2318 et
430 2293 501 2333 pro
524 2277 676 2317 Plancio
697 2292 726 2319 c.
745 2289 821 2321 ΙΙ.Ὶ

151 2351 250 2403 Lege
267 2347 395 2403 Iulia]
428 2353 458 2388 A
495 2351 535 2388 C.
557 2347 658 2388 Iulio
675 2349 834 2390 Caesare

90 2408 134 2446 in
179 2409 305 2460 primo
349 2405 544 2446 consulatu
598 2405 684 2447 lata.
702 2414 705 2417 '
727 2404 837 2463 yide

91 2462 159 2503 lib.
180 2477 216 2505 2.
236 2465 338 2517 epist.
365 2475 425 2515 17.

150 2536 380 2590 Relinquere
417 2537 586 2574 rationes
618 2535 658 2573 in
680 2535 838 2586 prouin-

92 2593 182 2646 εἷα]
214 2591 324 2645 Apud
335 2592 427 2630 duas
448 2594 631 2644 ciuitates,
645 2590 808 2630 vtinfra.

153 2669 194 2703 A
215 2677 294 2703 meo
312 2663 429 2712 seruo
446 2661 609 2715 scriba]
640 2663 727 2700 Dixi
747 2663 837 2707 iam,

94 2719 302 2760 scribarum
330 2719 505 2758 ordinem
532 2733 551 2757 e
583 2719 731 2759 ciuibus
766 2720 838 2757 Ro-

96 2780 217 2817 manis
238 2775 369 2816 fuiss'e:
396 2790 513 2828 quare
521 2776 663 2825 strum
693 2775 753 2813 hic
775 2788 838 2827 ap-

97 2833 283 2889 pellatur,
319 2847 398 2871 non
426 2835 515 2886 quia
535 2831 715 2878 seruiret,
737 2833 838 2879 (iam

96 2893 199 2933 enim
219 2890 333 2935 liberi
354 2890 522 2935 hominis
541 2890 791 2944 praenomine
802 2899 839 2930 et

1546 232 1627 273 355

882 324 1062 373 nomine,
1116 324 1177 364 Μ.
1211 325 1365 366 Tullius
1397 326 1518 368 dietus
1549 334 1625 378 est)

881 395 1016 419 verum
1045 383 1231 420 memoria
1256 387 1449 436 praeteriti
1479 398 1623 443 tenpo-

880 438 946 483 ris,
974 451 1050 490 quo
1071 438 1172 491 apud
1193 440 1419 480 Ciceronem
1450 444 1491 482 in
1513 444 1626 486 serui-

881 503 961 532 tute
997 492 1133 533 fuerat.
1163 506 1199 534 et
1225 495 1376 536 fortass'e
1401 501 1452 537 ita
1475 500 1625 543 locutus

880 552 1030 598 Cicero,
1060 563 1100 590 vt
1119 551 1196 602 ipsa
1218 551 1378 601 referret
1396 558 1481 596 Rufi
1495 563 1627 610 verba,

883 607 1169 660 exproln·anti3‚
1191 609 1296 661 quod
1314 613 1481 652 rationes
1500 619 1551 654 ita
1565 621 1628 658 Ci-

883 677 970 702 cero
999 663 1046 702 ad
1079 667 1268 704 aerarium
1298 669 1501 718 retulisset,
1540 686 1581 714 vt
1605 691 1629 716 a

882 719 994 760 seruo
1015 720 1083 762 suo
1104 721 1222 762 scriba
1240 737 1300 762 eas
1326 728 1530 780 accepiffet.

928 791 1130 839 7Maiorem
1148 793 1224 833 tibi
1241 794 1381 836 habere
1402 813 1475 838 non
1489 808 1599 853 potui
1608 802 1627 856 ]

882 851 983 899 Quia
1032 860 1157 893 totum
1183 851 1356 893 ‹st-ribam
1392 869 1521 898 meum
1557 862 1633 902 tibi

882 905 1034 947 tradidi.

938 979 1074 1034 Quint
1108 990 1235 1032 paene
1279 983 1356 1035 ipsi:
1375 985 1495 1038 mihi]
1526 991 1634 1039 Quia

883 1035 1044 1089 permisi,
1068 1045 1110 1074 vt
1132 1039 1300 1078 rationes
1330 1045 1633 1090 tec1111-1‚abst11te

884 1107 958 1141 me,
975 1091 1279 1141 conficerentur3
1303 1110 1371 1136 nec
1391 1100 1437 1138 ad
1457 1115 1515 1140 eas
1529 1106 1631 1156 post-

884 1164 950 1247 {ab
942 1149 1164 1216 quidquam,
1173 1164 1325 1206 praeter
1334 1153 1554 1208 lediionem,
1567 1160 1634 1201 ad·
1647 1177 1655 1182 ·

955 1219 1008 1246 ιιι.

939 1279 992 1318 Et
1020 1278 1209 1333 honssum
1231 1293 1271 1322 et
1295 1282 1415 1336 vtile]
1448 1287 1634 1328 Notanda

888 1338 993 1390 eopia
1009 1352 1017 1374 ε
1033 1335 1157 1390 ⁴supra
1170 1339 1272 1377 enim
1295 1340 1410 1380 dixit:
1437 1343 1538 1382 nihil
1548 1361 1635 1384 eum

885 1390 1007 1448 t'ecgffi‘
1023 1394 1229 1443 scientem,
1257 1396 1357 1448 quael
1381 1395 1462 1451 ‘fffit
1498 1414 1638 1442 centra

887 1461 958 1490 aut
985 1464 1080 1498 rem,
1100 1464 1171 1492 aut
1186 1454 1504 1508 mistim-anonam
1513 1470 1637 1499 tuam.

949 1521 1019 1560 Cm'
1054 1525 1184 1574 potins
1218 1522 1264 1562 id
1305 1528 1449 1581 negotii
1485 1526 1638 1577 darem,

889 1589 1004 1633 quam
1027 1577 1162 1617 darem
1181 1580 1312 1635 (quum
1338 1582 1475 1629 darem
1492 1585 1640 1626 deleuit

892 1635 1024 1686 ERN.)
1049 1638 1066 1684 ]
1098 1637 1155 1674 Sic
1182 1650 1328 1685 omnes,
1363 1653 1459 1692 quos
1489 1656 1560 1692 ego
1581 1646 1642 1683 vi—

891 1691 1039 1738 dezim,
1067 1691 1193 1746 scripti
1222 1692 1334 1742 iibri,
1374 1698 1495 1736 tribus
1534 1714 1643 1739 exce-

890 1750 977 1803 ptis,
1002 1747 1152 1788 duobus
1165 1752 1216 1790 M.
1229 1754 1387 1791 Antonii
1406 1755 1551 1804 Mafl'ei,
1565 1767 1642 1797 ter-

890 1808 958 1854 tio,
980 1816 1094 1858 quem
1113 1808 1174 1846 vir
1197 1806 1440 1864 dofflsshnm,
1458 1812 1641 1867 idemque
1666 1823 1667 1826 ’

890 1865 1064 1902 omnium
1090 1863 1642 1919 humaniffinnwklojVincen-

889 1921 965 1960 tius
988 1919 1167 1968 Pinellus,
1205 1932 1374 1975 emptum
1402 1938 1448 1963 ex
1479 1929 1645 1968 Leonici'

892 1977 1089 2017 Thomaei
1120 1976 1375 2028 bibliotheca,
1405 1983 1499 2022 mihi
1529 1985 1638 2025 dono

893 2033 1010 2074 dedit.
1040 2036 1081 2073 in
1102 2035 1148 2073 iis
1171 2050 1250 2075 non
1270 2038 1331 2080 est⁷
1352 2051 1468 2092 quum
1487 2039 1642 2091 darem,

892 2091 979 2139 sed,
1001 2105 1116 2147 quam
1135 2091 1218 2131 tibi.
1251 2093 1357 2146 quod
1384 2096 1478 2134 mihi
1509 2108 1639 2138 tamen

891 2149 986 2198 (vt,
1016 2148 1122 2201 quod
1149 2148 1292 2196 sentio,
1321 2151 1468 2205 dicam)
1506 2154 1642 2195 subab-

890 2205 1068 2252 surdum,
1090 2215 1203 2258 atque
1235 2209 1348 2245 etiam
1377 2207 1510 2249 falsum
1532 2213 1638 2252 vide-

892 2273 966 2302 tur.
997 2275 1076 2300 non
1096 2265 1196 2301 enim
1216 2263 1255 2302 id
1279 2266 1314 2302 ei
1337 2266 1472 2305 Cicero
1493 2271 1644 2318 negotii

893 2319 1009 2366 dedit,
1038 2317 1100 2357 sed
1130 2318 1273 2359 scribae
1293 2320 1381 2360 suo:
1410 2326 1471 2363 cui
1500 2326 1642 2366 deinde

893 2374 1012 2416 Rufus
1031 2375 1185 2414 fratrem
1210 2376 1316 2416 suum
1335 2379 1519 2422 adiunxit.
1546 2398 1640 2436 qua-

892 2447 934 2472 re
958 2431 1184 2472 crediderim
1208 2433 1327 2481 illud,
1346 2449 1458 2488 quam
1490 2439 1641 2488 darem,

892 2491 981 2536 fine,
1002 2503 1115 2545 quam
1133 2490 1218 2538 tibi,
1238 2492 1446 2542 abundare,
1466 2495 1640 2537 additum

893 2548 940 2586 ab
964 2548 1167 2598 imperito,
1197 2550 1263 2600 qui
1281 2560 1432 2601 putaret
1451 2553 1490 2591 id
1513 2568 1582 2606 per
1603 2553 1656 2594 se*

894 2604 1088 2649 consistere
1110 2618 1190 2643 non
1206 2605 1331 2658 poffe,
1362 2610 1425 2646 cui
1447 2614 1575 2662 potius
1595 2609 1642 2652 id

895 2662 1038 2714 negotii
1067 2659 1214 2701 darem.
1251 2663 1357 2715 quod
1393 2666 1445 2703 ita
1464 2668 1640 2717 consistit,

896 2718 921 2755 fi
941 2716 1207 2766 fizbaudiatur,
1234 2734 1351 2774 quam
1374 2721 1503 2762 Tullio
1517 2751 1526 2768 ,
1537 2725 1640 2775 scri·

896 2773 965 2821 brie
995 2787 1084 2812 meo.
1136 2774 1291 2814 adiuuat
1317 2779 1542 2829 opinionem
1573 2794 1643 2820 no-

897 2831 1007 2869 stram
1044 2832 1176 2879 Maffei
1221 2829 1331 2887 liber,
1358 2835 1402 2876 in
1448 2849 1528 2888 quo
1563 2829 1644 2876 tan-¹

896 2897 977 2929 tum
1007 2885 1104 2930 illud
1143 2891 1193 2931 est
1203 2919 1217 2940 ‚
1256 2891 1326 2947 cui·
1345 2894 1475 2945 pocius
1507 2893 1552 2934 id
1579 2906 1644 2932 ne·

954 2946 980 2982 Z
1012 2956 1039 2986 2
1544 2952 1644 3006 gorii
