1863 3172
177 131 235 176 30

180 257 296 294 tatur,
313 259 362 284 ne
377 244 470 297 quid
489 245 574 290 fiat,
602 240 663 281 sed
689 243 756 295 qui
788 241 916 281 horta·

182 315 257 350 tur,
278 313 320 342 vt
339 304 414 341 fiat.
497 302 654 352 Itaque,
690 297 849 347 aanor,
879 307 917 337 et

180 357 376 415 disfimsor,
399 358 537 396 Cicero
557 357 740 410 opponit:
780 365 919 394 cetera-

184 430 258 470 que
281 414 461 461 eiusdem,
486 424 603 466 atque
621 414 736 451 etiam
752 411 919 452 aliorum

184 470 354 524 exempla
384 470 430 509 ad
449 470 739 510 affirmationem
761 469 921 523 semper,

182 541 392 581 numquam
409 527 457 566 ad
486 529 726 578 negationem
744 525 923 579 speciiant.

185 596 229 625 et<
241 586 290 624 ab
307 598 425 640 augeo
447 598 602 637 quoque
625 582 828 622 de21u61u1n
858 596 925 628 au-

183 641 289 690 έῖον,
326 642 513 688 CarisiuS,
546 652 582 680 et
613 641 764 679 Seruius
804 640 925 678 osten-

186 699 301 739 dunt:
331 698 446 750 idque
467 699 634 752 probant
654 698 802 749 antiqui
832 694 924 748 lapi-

185 755 265 804 des,
285 764 323 795 et
342 754 443 794 libri.
502 755 700 794 Altam-em
732 755 848 802 igitur
871 751 926 790 di-

185 815 255 861 xit,
281 822 320 851 vt
349 813 574 851 auftoritate
602 808 755 849 Lentuli
781 811 924 862 potius,

186 883 302 923 quam
330 869 524 921 potestate,
555 877 592 906 et
619 868 745 913 armis,
785 867 924 905 exerci-

187 936 268 966 tum
288 924 473 974 religione
503 923 673 971 tollente,
705 921 924 962 Alexandri-

188 984 230 1022 ni
251 980 465 1022 Ptolemaeo
495 979 798 1020 reconcilientur.
854 982 926 1018 Eo·

189 1039 275 1079 dem
294 1038 410 1077 modo
433 1036 525 1077 Phil.
544 1051 584 1080 2.
603 1052 631 1076 c.
647 1049 711 1091 37.
749 1037 840 1084 Ille,
868 1039 924 1074 in-

190 1098 286 1150 quit,
306 1097 370 1135 vir
384 1095 494 1148 fus't:
525 1108 589 1134 νιος
619 1093 768 1149 quidem
804 1103 926 1132 conte·

188 1150 357 1200 mnena'i,
376 1153 442 1208 qui
460 1151 651 1191 auae-rem
666 1148 822 1196 odimus,
836 1148 924 1189 uffa

189 1207 438 1262 defendimus.
497 1205 695 1247 Aut‘lorem
711 1216 821 1245 vocat
833 1207 926 1245 Cae·

190 1265 322 1312 sarem,
370 1279 392 1303 a
440 1278 518 1317 quo
557 1262 623 1302 illa
655 1271 924 1302 manauerant:

190 1333 380 1374 tamquam
401 1323 502 1360 enim
521 1320 568 1359 ab
599 1318 669 1358 illo
697 1319 830 1373 scripta
863 1319 928 1359 de-

188 1378 454 1419 fendebantur.

246 1432 411 1489 erffits]
472 1436 525 1473 M.
557 1432 727 1472 Licinius
758 1433 929 1481 Craffus,

189 1505 291 1531 nunc
317 1491 471 1544 quidem
505 1492 546 1528 in
584 1492 804 1544 Pompeium
830 1488 929 1530 male

189 1550 389 1588 animatus.
409 1546 514 1600 quod
534 1546 674 1586 indicat
702 1546 767 1587 lib.
790 1561 829 1590 2.
880 1546 928 1586 ad

191 1608 248 1654 Q
273 1606 438 1658 Fr.epist.
462 1616 495 1657 3.
517 1602 578 1644 sed
609 1617 712 1643 anno
744 1603 928 1657 sequenti,

194 1660 361 1701 consules
388 1663 527 1700 iterum
547 1663 674 1707 creati,
707 1663 747 1700 in
768 1663 928 1711 gratiam

194 1717 401 1758 redierunt.
488 1716 720 1756 Plutarchus.
815 1720 929 1756 Hunc

194 1776 416 1823 Qiiritium,
428 1776 511 1826 post
530 1773 682 1821 Sullam,
699 1774 929 1821 ditiffimum,

137 1858 141 1859 ν
192 1831 337 1871 Plinius
360 1829 467 1870 fuisse
498 1830 632 1878 tradit,
664 1830 859 1884 poffedifle
887 1832 929 1869 in

194 1889 292 1938 agris
318 1890 424 1926 H-S.
443 1889 500 1926 bis
525 1887 675 1935 millies,
708 1887 748 1927 id
776 1890 848 1936 est,
881 1887 929 1926 ad

193 1946 382 1998 ratio-nem
412 1946 560 1983 nummi
592 1946 730 1991 nostri,
766 1945 928 1994 sexagies

194 2011 349 2041 centena
383 1999 611 2041 scutatorum
639 2000 770 2042 millia.
846 2000 931 2040 Plu-

193 2058 342 2098 tarchus
362 2067 480 2097 totam
501 2060 580 2096 eius
612 2072 706 2105 rem,
725 2059 807 2111 post
835 2057 930 2097 deci·

192 2129 294 2154 mam
313 2125 457 2167 partem
476 2112 633 2153 Herculi
664 2113 930 2163 consecratam,

195 2171 425 2225 epulumque
456 2170 672 2224 publicum,
714 2180 751 2211 et
783 2174 933 2222 congia-

195 2230 295 2267 rium
316 2230 431 2266 trium
452 2230 633 2267 mensium
662 2227 812 2278 fingulis
841 2231 930 2269 ciui-

195 2285 266 2324 bus
288 2284 429 2332 datum,
448 2284 587 2338 septem
609 2284 776 2325 millibus
790 2295 826 2326 et
848 2301 931 2325 cen-

196 2350 278 2380 tum
309 2340 456 2380 talentis
490 2344 678 2381 aestimat:
715 2355 811 2395 quae
842 2342 928 2382 sunt

195 2399 370 2437 Romano
403 2412 579 2446 nummo,
618 2397 754 2438 millies
793 2398 931 2453 septin-

193 2456 354 2504 gentieS,
375 2465 411 2493 et
430 2453 624 2507 aliquanto
644 2454 826 2509 amplius:
854 2454 930 2505 vel,

196 2520 240 2551 vt
261 2525 369 2550 more
388 2512 516 2550 nostro
538 2511 758 2564 loquamur,
771 2512 932 2553 scutato-

195 2580 282 2607 rum
303 2569 549 2620 quinquagies
572 2567 697 2615 semel,
712 2582 834 2622 eoque
855 2584 933 2609 am-

196 2622 315 2680 plius:
346 2622 475 2672 vulgo,
506 2623 616 2680 supra
646 2627 815 2680 quinque
849 2625 932 2666 mil-

197 2681 333 2727 lienes,
356 2680 534 2720 dicerent.

253 2737 337 2776 Nec
357 2736 531 2777 excludit
550 2737 781 2792 Pompeium]
840 2738 931 2787 Cui,

196 2790 467 2834 frumentariae
482 2795 687 2835 curationis
704 2796 836 2846 gratia,
845 2805 930 2837 toto

406 2859 452 2880 ...

398 131 621 174 PAVLLI
648 128 936 178 ,MAern
963 96 1480 168 COMMEN'TAmvs
1530 182 1533 184 ‚

972 240 1067 280 orbe
1085 248 1272 278 terrarum
1294 248 1331 278 et
1350 237 1512 286 senatus,
1533 247 1569 279 et
1591 251 1711 292 popu·

971 297 1029 337 lus
1048 298 1253 348 imperium
1274 295 1439 335 dederat.
1459 295 1525 336 lib.
1537 308 1574 350 4.
1593 296 1640 334 ad
1651 300 1724 334 At·v

973 356 1035 395 tic.
1066 354 1217 405 epist.1,
1247 351 1478 400 Plutarchus,
1508 351 1687 401 Dio,alii.

1031 410 1123 448 Cum
1158 410 1316 461 imperio
1358 410 1438 461 βῆς
1465 419 1573 462 ERN.
1595 410 1714 461 fimt]

977 467 1182 519 ,imperium
1221 462 1361 518 duplex
1389 465 1484 513 fuit,
1512 465 1717 512 vrbanam,

980 534 1017 562 et
1043 522 1294 575 prouinciale.
1377 521 1574 561 Vrbanum
1595 532 1661 561 aut
1689 519 1716 560 'a

980 577 1127 634 populo
1147 578 1320 624 dabatur,
1355 589 1422 617 aut
1452 592 1473 616 a
1503 578 1652 617 senatu:
1693 593 1717 617 a

979 635 1139 690 populO,
1173 634 1417 683 ·consulibuS,
1454 637 1693 689 praetoribus
1705 650 1720 681 ;

980 697 1071 746 qui,
1108 694 1326 731 centuriatis
1373 695 1535 732 comitiis
1581 694 1720 745 creati,

954 752 1143 802 ‚maiores
1182 752 1415 799 magistratus
1461 750 1717 789 vocabantur:

980 822 1001 846 a
1027 806 1171 852 senatu,
1189 805 1381 854 dietatori,
1399 808 1605 856 interregi;
1637 808 1720 859 qui,

979 862 1093 903 nullis
1135 865 1321 910 comitiis,
1363 862 1509 902 senatus
1546 861 1721 904 consulto

979 922 1215 959 creabantur.
1244 934 1332 959 nam
1351 919 1536 968 censores,
1554 920 1642 960 licet
1661 922 1721 959 in-

980 989 1038 1017 ter
1073 979 1237 1015 maiores
1278 979 1512 1027 magistratus
1549 979 1722 1018 nomina·

981 1044 1127 1080 rentur,
1154 1044 1280 1072 tamen
1309 1049 1377 1073 nec
1402 1035 1620 1087 imperium,
1649 1047 1720 1073 nce

981 1090 1158 1130 serendae
1176 1089 1265 1139 legis
1285 1092 1344 1130 ius
1365 1091 1566 1138 habebant,
1595 1090 1722 1144 neque

981 1146 1197 1194 lic‘ioribus,
1225 1156 1290 1186 aut
1322 1149 1535 1187 viatoribus
1564 1149 1723 1188 vtcban·

983 1216 1058 1245 tur.
1084 1203 1225 1257 reliqui
1252 1218 1359 1251 vero,
1382 1205 1477 1258 quos
1505 1206 1721 1245 nominaui-

983 1275 1080 1308 mus,
1100 1270 1137 1300 et
1152 1261 1387 1314 imperium,
1417 1272 1453 1301 et
1478 1260 1570 1311 legis
1598 1261 1724 1302 ferenss

986 1316 1054 1357 dae
1077 1319 1151 1364 ius,
1170 1329 1365 1370 praeterea
1394 1320 1582 1367 viatores,
1612 1330 1648 1358 et
1678 1318 1723 1358 li-

986 1377 1110 1415 &ores
1131 1375 1331 1414 habebant.
1417 1377 1587 1414 Minores
1609 1377 1726 1425 magi-

984 1434 1130 1478 stratus,
1147 1431 1286 1471 aediles
1312 1431 1473 1479 curules,
1494 1430 1633 1473 aediles
1646 1433 1725 1487 ple-

983 1490 1055 1536 bis,
1084 1490 1231 1528 tribuni
1262 1487 1395 1542 plebis,
1417 1491 1645 1544 quaestoreS‚
1684 1499 1724 1530 et

984 1545 1049 1585 alii
1076 1545 1270 1585 inferioris
1303 1545 1469 1593 ordinis,
1503 1542 1724 1600 potestatem

983 1601 1132 1650 hahere,
1153 1600 1232 1641 non
1258 1604 1458 1655 imperium
1488 1597 1723 1644 dicebantur.

984 1661 1191 1713 Imperium
1212 1659 1370 1698 tribuno
1395 1658 1514 1713 plebis
1535 1674 1614 1699 non
1635 1659 1743 1699 fuis-·

984 1716 1034 1763 se,
1053 1717 1186 1755 Liuius
1205 1714 1322 1757 lib.2.
1342 1730 1370 1756 c.
1384 1720 1447 1769 56.
1464 1727 1591 1769 aperte
1603 1719 1727 1756 osten·

985 1773 1040 1812 dit
1062 1771 1234 1826 exemplo
1254 1775 1367 1826 Appii
1396 1772 1570 1821 consulis,
1597 1772 1724 1827 priua·

985 1842 1068 1869 tum
1108 1831 1305 1869 tribunum
1333 1828 1455 1883 plebis
1485 1830 1724 1878 clamitantis,

986 1889 1061 1926 sine
1084 1887 1261 1942 imperio,
1283 1886 1358 1925 sine
1380 1889 1606 1936 magistratu.
1648 1883 1725 1928 Im·

980 1945 1133 1998 perium
1153 1944 1270 1993 igitur
1290 1944 1330 1981 in
1344 1945 1453 1984 {vrbe
1480 1945 1670 1984 habebant
1692 1945 1725 1984 ii

987 2010 1136 2040 tantum
1160 2001 1415 2049 magistratus,
1454 2003 1521 2054 qui
1555 2003 1726 2042 vocatio-

987 2071 1086 2104 nem,
1109 2071 1184 2110 qua
1205 2058 1380 2096 carebant
1412 2061 1579 2098 minores
1609 2059 1726 2108 magi-

986 2116 1130 2153 stratus.
1188 2117 1272 2153 Hoc
1290 2116 1494 2168 imperium
1514 2117 1588 2154 sine
1608 2117 1723 2154 armis

988 2181 1087 2210 erat:
1117 2180 1319 2225 propterea
1331 2174 1538 2211 centuriata
1555 2173 1731 2221 comitia,

988 2226 1092 2281 quod
1115 2242 1136 2266 a
1152 2226 1284 2267 Laelio
1304 2227 1426 2267 Felice
1445 2228 1623 2282 scriptum
1637 2227 1725 2268 Gel-

986 2283 1058 2323 lius
1080 2283 1175 2324 liba
1189 2296 1224 2338 ς.
1249 2298 1277 2323 c.
1294 2296 1357 2339 17.
1380 2287 1525 2333 recitat,
1542 2288 1640 2328 intra
1656 2281 1726 2341 po'·

985 2342 1176 2381 moerium
1194 2343 1289 2389 fieri,
1301 2341 1402 2381 nefas
1423 2353 1525 2389 erat3
1557 2346 1646 2396 quia
1663 2355 1725 2382 ex-

986 2399 1143 2437 ercitum
1155 2408 1259 2437 extra
1269 2400 1402 2438 vrbem
1417 2401 1598 2453 imperari
1610 2413 1728 2453 opor·

986 2464 1095 2502 teret,
1114 2456 1214 2494 intra
1234 2456 1366 2495 vrbem
1380 2457 1558 2510 imperari
1575 2458 1633 2496 ius
1644 2471 1726 2496 non

988 2510 1087 2551 esset.
1172 2512 1318 2555 Vrbani
1346 2514 1499 2566 imperii
1516 2524 1662 2567 tempus
1681 2511 1725 2553 iit

988 2569 1124 2607 annuis
1137 2565 1421 2619 [magistratibus
1443 2585 1611 2610 annuum
1629 2572 1726 2619 erat,

988 2626 1030 2664 in
1050 2623 1234 2664 die‘tatore
1259 2625 1430 2666 semestre
1453 2626 1499 2666 ad
1524 2626 1727 2677 summum,

988 2683 1030 2720 in
1066 2683 1254 2732 interrege
1285 2697 1363 2722 non
1408 2682 1507 2723 vltra
1553 2687 1726 2738 quinque

988 2737 1091 2777 dies:
1120 2752 1208 2778 nam
1234 2738 1452 2779 diuturnior
1473 2743 1505 2779 is
1536 2743 1729 2793 magistra·

989 2805 1048 2836 tus
1067 2808 1147 2836 non
1166 2805 1258 2837 erat.
1316 2795 1490 2838 Consulis
1511 2808 1634 2839 tamen
1658 2801 1727 2836 im.

1575 2856 1730 2911 peritum
