<?xml version="1.0" encoding="UTF-8"?>
<!DOCTYPE html PUBLIC "-//W3C//DTD XHTML 1.0 Transitional//EN"
    "http://www.w3.org/TR/xhtml1/DTD/xhtml1-transitional.dtd">
<html xmlns="http://www.w3.org/1999/xhtml" xml:lang="en" lang="en">
 <head>
  <title>
</title>
<meta http-equiv="Content-Type" content="text/html;charset=utf-8" />
  <meta name='ocr-system' content='tesseract 3.04.00' />
  <meta name='ocr-capabilities' content='ocr_page ocr_carea ocr_par ocr_line ocrx_word'/>
</head>
<body>
  <div class='ocr_page' id='page_1' title='image "./commentariusinmt01manuuoft_0387.png"; bbox 0 0 1863 3172; ppageno 0'>
   <div class='ocr_carea' id='block_1_1' title="bbox 0 0 30 1750">
    <p class='ocr_par' dir='ltr' id='par_1_1' title="bbox 0 0 30 1750">
     <span class='ocr_line' id='line_1_1' title="bbox 0 0 30 1750; baseline 0 0"><span class='ocrx_word' id='word_1_1' title='bbox 0 0 30 1750; x_wconf 95' lang='lat' dir='ltr'> </span> 
     </span>
    </p>
   </div>
   <div class='ocr_carea' id='block_1_2' title="bbox 313 150 1437 194">
    <p class='ocr_par' dir='ltr' id='par_1_2' title="bbox 313 150 1437 194">
     <span class='ocr_line' id='line_1_2' title="bbox 313 150 1437 194; baseline 0.004 -4"><span class='ocrx_word' id='word_1_2' title='bbox 313 151 384 192; x_wconf 89' lang='lat' dir='ltr'>IN</span> <span class='ocrx_word' id='word_1_3' title='bbox 412 150 527 192; x_wconf 89' lang='lat' dir='ltr'><strong>CIC.</strong></span> <span class='ocrx_word' id='word_1_4' title='bbox 558 151 745 192; x_wconf 80' lang='lat' dir='ltr'><strong>EPIST.</strong></span> <span class='ocrx_word' id='word_1_5' title='bbox 774 153 911 193; x_wconf 74' lang='lat' dir='ltr'><strong>FAM.</strong></span> <span class='ocrx_word' id='word_1_6' title='bbox 940 152 1050 193; x_wconf 87' lang='lat' dir='ltr'><strong>LIB.</strong></span> <span class='ocrx_word' id='word_1_7' title='bbox 1071 155 1117 193; x_wconf 88' lang='lat' dir='ltr'>V.</span> <span class='ocrx_word' id='word_1_8' title='bbox 1146 153 1337 194; x_wconf 85' lang='lat' dir='ltr'><strong>EPIST.</strong></span> <span class='ocrx_word' id='word_1_9' title='bbox 1359 156 1437 194; x_wconf 87' lang='lat' dir='ltr'>XX.</span> 
     </span>
    </p>
   </div>
   <div class='ocr_carea' id='block_1_3' title="bbox 1553 159 1634 209">
    <p class='ocr_par' dir='ltr' id='par_1_3' title="bbox 1553 159 1634 209">
     <span class='ocr_line' id='line_1_3' title="bbox 1553 159 1634 209; baseline 0 0"><span class='ocrx_word' id='word_1_10' title='bbox 1553 159 1634 209; x_wconf 81' lang='lat'>365</span> 
     </span>
    </p>
   </div>
   <div class='ocr_carea' id='block_1_4' title="bbox 94 263 1634 318">
    <p class='ocr_par' dir='ltr' id='par_1_4' title="bbox 94 263 1634 318">
     <span class='ocr_line' id='line_1_4' title="bbox 94 263 1634 318; baseline 0.003 -14"><span class='ocrx_word' id='word_1_11' title='bbox 94 263 274 318; x_wconf 79' lang='lat' dir='ltr'>praefuit,</span> <span class='ocrx_word' id='word_1_12' title='bbox 301 265 488 303; x_wconf 87' lang='lat' dir='ltr'>Cicerone</span> <span class='ocrx_word' id='word_1_13' title='bbox 518 263 758 318; x_wconf 84' lang='lat' dir='ltr'>proconsule,</span> <span class='ocrx_word' id='word_1_14' title='bbox 788 266 841 314; x_wconf 79' lang='lat' dir='ltr'>Q</span> <span class='ocrx_word' id='word_1_15' title='bbox 892 265 1022 312; x_wconf 70' lang='lat' dir='ltr'>Qiare</span> <span class='ocrx_word' id='word_1_16' title='bbox 1042 265 1166 304; x_wconf 64' lang='lat' dir='ltr'>fidiam</span> <span class='ocrx_word' id='word_1_17' title='bbox 1200 267 1478 308; x_wconf 83' lang='lat' dir='ltr'>excusationem</span> <span class='ocrx_word' id='word_1_18' title='bbox 1506 267 1634 309; x_wconf 87' lang='lat' dir='ltr'>attulit</span> 
     </span>
    </p>
   </div>
   <div class='ocr_carea' id='block_1_5' title="bbox 48 320 834 845">
    <p class='ocr_par' dir='ltr' id='par_1_5' title="bbox 93 320 834 433">
     <span class='ocr_line' id='line_1_5' title="bbox 94 320 834 374; baseline 0 -14"><span class='ocrx_word' id='word_1_19' title='bbox 94 321 304 368; x_wconf 81' lang='lat' dir='ltr'>Thermus,</span> <span class='ocrx_word' id='word_1_20' title='bbox 322 331 363 360; x_wconf 90' lang='lat' dir='ltr'>vt</span> <span class='ocrx_word' id='word_1_21' title='bbox 381 331 482 374; x_wconf 79' lang='lat' dir='ltr'>patet</span> <span class='ocrx_word' id='word_1_22' title='bbox 501 320 568 361; x_wconf 82' lang='lat' dir='ltr'>lib.</span> <span class='ocrx_word' id='word_1_23' title='bbox 591 334 628 374; x_wconf 83' lang='lat'>5.</span> <span class='ocrx_word' id='word_1_24' title='bbox 655 321 702 360; x_wconf 85' lang='lat' dir='ltr'>ad</span> <span class='ocrx_word' id='word_1_25' title='bbox 724 324 834 361; x_wconf 86' lang='lat' dir='ltr'>Attic.</span> 
     </span>
     <span class='ocr_line' id='line_1_6' title="bbox 93 379 425 433; baseline 0.006 -16"><span class='ocrx_word' id='word_1_26' title='bbox 93 379 196 433; x_wconf 85' lang='lat' dir='ltr'>epist.</span> <span class='ocrx_word' id='word_1_27' title='bbox 225 387 337 428; x_wconf 81' lang='lat' dir='ltr'>13.et</span> <span class='ocrx_word' id='word_1_28' title='bbox 362 389 425 432; x_wconf 85' lang='lat'>14.</span> 
     </span>
    </p>

    <p class='ocr_par' dir='ltr' id='par_1_6' title="bbox 84 445 830 788">
     <span class='ocr_line' id='line_1_7' title="bbox 114 445 830 505; baseline 0 -17"><span class='ocrx_word' id='word_1_29' title='bbox 114 477 118 480; x_wconf 63' lang='grc'><em>»</em></span> <span class='ocrx_word' id='word_1_30' title='bbox 146 445 267 500; x_wconf 79' lang='lat' dir='ltr'>Apud</span> <span class='ocrx_word' id='word_1_31' title='bbox 305 449 548 505; x_wconf 63' lang='lat' dir='ltr'>publicanos]</span> <span class='ocrx_word' id='word_1_32' title='bbox 632 450 830 490; x_wconf 73' lang='lat' dir='ltr'>Ciceronis</span> 
     </span>
     <span class='ocr_line' id='line_1_8' title="bbox 87 504 830 559; baseline 0.001 -14"><span class='ocrx_word' id='word_1_33' title='bbox 87 504 380 553; x_wconf 74' lang='lat' dir='ltr'>amantiffimos,</span> <span class='ocrx_word' id='word_1_34' title='bbox 433 508 547 559; x_wconf 87' lang='lat' dir='ltr'>eique</span> <span class='ocrx_word' id='word_1_35' title='bbox 605 506 830 547; x_wconf 72' lang='lat' dir='ltr'>cariffimos2</span> 
     </span>
     <span class='ocr_line' id='line_1_9' title="bbox 88 563 830 616; baseline 0 -14"><span class='ocrx_word' id='word_1_36' title='bbox 88 572 195 602; x_wconf 88' lang='lat' dir='ltr'>erant</span> <span class='ocrx_word' id='word_1_37' title='bbox 215 563 318 601; x_wconf 83' lang='lat' dir='ltr'>enim</span> <span class='ocrx_word' id='word_1_38' title='bbox 339 564 519 616; x_wconf 82' lang='lat' dir='ltr'>equestris</span> <span class='ocrx_word' id='word_1_39' title='bbox 534 563 830 616; x_wconf 77' lang='lat' dir='ltr'>ordiniszquem</span> 
     </span>
     <span class='ocr_line' id='line_1_10' title="bbox 87 619 829 670; baseline 0.001 -11"><span class='ocrx_word' id='word_1_40' title='bbox 87 619 263 659; x_wconf 83' lang='lat' dir='ltr'>ordinem</span> <span class='ocrx_word' id='word_1_41' title='bbox 283 619 412 659; x_wconf 80' lang='lat' dir='ltr'>consul</span> <span class='ocrx_word' id='word_1_42' title='bbox 437 635 520 660; x_wconf 84' lang='lat' dir='ltr'>cum</span> <span class='ocrx_word' id='word_1_43' title='bbox 545 620 674 660; x_wconf 86' lang='lat' dir='ltr'>senatu</span> <span class='ocrx_word' id='word_1_44' title='bbox 688 622 728 658; x_wconf 89' lang='lat' dir='ltr'>in</span> <span class='ocrx_word' id='word_1_45' title='bbox 748 634 829 670; x_wconf 84' lang='lat' dir='ltr'>gra-</span> 
     </span>
     <span class='ocr_line' id='line_1_11' title="bbox 84 675 828 718; baseline -0.001 0"><span class='ocrx_word' id='word_1_46' title='bbox 84 678 178 718; x_wconf 82' lang='lat' dir='ltr'>tiam</span> <span class='ocrx_word' id='word_1_47' title='bbox 199 676 412 717; x_wconf 85' lang='lat' dir='ltr'>reduxerat.</span> <span class='ocrx_word' id='word_1_48' title='bbox 457 676 545 717; x_wconf 89' lang='lat' dir='ltr'>vide</span> <span class='ocrx_word' id='word_1_49' title='bbox 573 675 668 716; x_wconf 85' lang='lat' dir='ltr'>illud</span> <span class='ocrx_word' id='word_1_50' title='bbox 701 677 767 717; x_wconf 78' lang='lat' dir='ltr'>lib.</span> <span class='ocrx_word' id='word_1_51' title='bbox 797 688 828 717; x_wconf 83' lang='grc'>1.</span> 
     </span>
     <span class='ocr_line' id='line_1_12' title="bbox 85 733 828 788; baseline 0 -14"><span class='ocrx_word' id='word_1_52' title='bbox 85 736 189 788; x_wconf 88' lang='lat' dir='ltr'>epist.</span> <span class='ocrx_word' id='word_1_53' title='bbox 205 741 240 784; x_wconf 83' lang='lat'>8.</span> <span class='ocrx_word' id='word_1_54' title='bbox 289 733 464 774; x_wconf 81' lang='lat' dir='ltr'><em>ordinem</em></span> <span class='ocrx_word' id='word_1_55' title='bbox 491 733 828 785; x_wconf 70' lang='lat' dir='ltr'>conithtffimum</span> 
     </span>
    </p>

    <p class='ocr_par' dir='ltr' id='par_1_7' title="bbox 48 787 826 845">
     <span class='ocr_line' id='line_1_13' title="bbox 48 787 826 845; baseline -0.001 -14"><span class='ocrx_word' id='word_1_56' title='bbox 48 787 55 791; x_wconf 58' lang='grc'><strong>’</strong></span> <span class='ocrx_word' id='word_1_57' title='bbox 87 802 125 832; x_wconf 85' lang='lat' dir='ltr'>et</span> <span class='ocrx_word' id='word_1_58' title='bbox 143 790 210 832; x_wconf 87' lang='lat' dir='ltr'>lib.</span> <span class='ocrx_word' id='word_1_59' title='bbox 237 803 270 833; x_wconf 89' lang='lat'>1.</span> <span class='ocrx_word' id='word_1_60' title='bbox 292 790 342 845; x_wconf 29' lang='lat' dir='ltr'>,ad</span> <span class='ocrx_word' id='word_1_61' title='bbox 364 792 475 830; x_wconf 85' lang='lat' dir='ltr'>Attic.</span> <span class='ocrx_word' id='word_1_62' title='bbox 496 792 597 844; x_wconf 89' lang='lat' dir='ltr'>epist.</span> <span class='ocrx_word' id='word_1_63' title='bbox 628 802 687 844; x_wconf 84' lang='grc'>17.</span> <span class='ocrx_word' id='word_1_64' title='bbox 705 801 741 830; x_wconf 90' lang='lat' dir='ltr'>et</span> <span class='ocrx_word' id='word_1_65' title='bbox 764 797 826 840; x_wconf 83' lang='lat'>18.</span> 
     </span>
    </p>
   </div>
   <div class='ocr_carea' id='block_1_6' title="bbox 34 875 832 1430">
    <p class='ocr_par' dir='ltr' id='par_1_8' title="bbox 34 875 832 1430">
     <span class='ocr_line' id='line_1_14' title="bbox 139 875 832 918; baseline 0 -2"><span class='ocrx_word' id='word_1_66' title='bbox 139 876 240 918; x_wconf 82' lang='lat' dir='ltr'>H·S</span> <span class='ocrx_word' id='word_1_67' title='bbox 267 875 386 916; x_wconf 85' lang='lat' dir='ltr'><em>XXI!</em></span> <span class='ocrx_word' id='word_1_68' title='bbox 413 876 542 916; x_wconf 81' lang='lat' dir='ltr'>millia</span> <span class='ocrx_word' id='word_1_69' title='bbox 575 885 686 915; x_wconf 76' lang='lat' dir='ltr'><strong>ERN.</strong></span> <span class='ocrx_word' id='word_1_70' title='bbox 726 876 832 916; x_wconf 89' lang='lat' dir='ltr'>H-S</span> 
     </span>
     <span class='ocr_line' id='line_1_15' title="bbox 84 931 823 988; baseline -0.004 -14"><span class='ocrx_word' id='word_1_71' title='bbox 84 931 239 988; x_wconf 67' lang='lat' dir='ltr'><em>XXII]</em></span> <span class='ocrx_word' id='word_1_72' title='bbox 297 935 416 972; x_wconf 84' lang='lat' dir='ltr'>Parua</span> <span class='ocrx_word' id='word_1_73' title='bbox 474 932 615 972; x_wconf 85' lang='lat' dir='ltr'>summa</span> <span class='ocrx_word' id='word_1_74' title='bbox 629 963 640 981; x_wconf 94' lang='lat'><strong>,</strong></span> <span class='ocrx_word' id='word_1_75' title='bbox 693 931 823 972; x_wconf 88' lang='lat' dir='ltr'>scutati</span> 
     </span>
     <span class='ocr_line' id='line_1_16' title="bbox 83 988 823 1043; baseline -0.003 -12"><span class='ocrx_word' id='word_1_76' title='bbox 83 989 229 1031; x_wconf 75' lang='lat' dir='ltr'><strong>DCLX.</strong></span> <span class='ocrx_word' id='word_1_77' title='bbox 264 991 394 1043; x_wconf 81' lang='lat' dir='ltr'>itaque</span> <span class='ocrx_word' id='word_1_78' title='bbox 433 988 635 1039; x_wconf 82' lang='lat' dir='ltr'>legendum</span> <span class='ocrx_word' id='word_1_79' title='bbox 667 992 823 1043; x_wconf 82' lang='lat' dir='ltr'>opinor,</span> 
     </span>
     <span class='ocr_line' id='line_1_17' title="bbox 80 1046 822 1096; baseline -0.001 -9"><span class='ocrx_word' id='word_1_80' title='bbox 80 1048 137 1087; x_wconf 86' lang='lat' dir='ltr'>bis</span> <span class='ocrx_word' id='word_1_81' title='bbox 152 1056 189 1086; x_wconf 74' lang='lat' dir='ltr'>et</span> <span class='ocrx_word' id='word_1_82' title='bbox 209 1048 339 1096; x_wconf 81' lang='lat' dir='ltr'>vicies,</span> <span class='ocrx_word' id='word_1_83' title='bbox 369 1057 411 1086; x_wconf 82' lang='lat' dir='ltr'>vt</span> <span class='ocrx_word' id='word_1_84' title='bbox 429 1048 481 1086; x_wconf 87' lang='lat' dir='ltr'>est</span> <span class='ocrx_word' id='word_1_85' title='bbox 508 1046 572 1088; x_wconf 84' lang='lat' dir='ltr'>lib.</span> <span class='ocrx_word' id='word_1_86' title='bbox 599 1059 658 1088; x_wconf 83' lang='lat'>11.</span> <span class='ocrx_word' id='word_1_87' title='bbox 688 1047 734 1086; x_wconf 88' lang='lat' dir='ltr'>ad</span> <span class='ocrx_word' id='word_1_88' title='bbox 761 1052 822 1087; x_wconf 87' lang='lat' dir='ltr'>At-</span> 
     </span>
     <span class='ocr_line' id='line_1_18' title="bbox 80 1104 822 1158; baseline 0.003 -16"><span class='ocrx_word' id='word_1_89' title='bbox 80 1106 141 1144; x_wconf 85' lang='lat' dir='ltr'>tie.</span> <span class='ocrx_word' id='word_1_90' title='bbox 167 1105 269 1157; x_wconf 87' lang='lat' dir='ltr'>epist.</span> <span class='ocrx_word' id='word_1_91' title='bbox 378 1105 420 1142; x_wconf 89' lang='lat' dir='ltr'>In</span> <span class='ocrx_word' id='word_1_92' title='bbox 443 1104 645 1158; x_wconf 59' lang='lat' dir='ltr'>cistophoro</span> <span class='ocrx_word' id='word_1_93' title='bbox 664 1107 705 1144; x_wconf 87' lang='lat' dir='ltr'>in</span> <span class='ocrx_word' id='word_1_94' title='bbox 725 1104 822 1158; x_wconf 79' lang='lat' dir='ltr'>Alm</span> 
     </span>
     <span class='ocr_line' id='line_1_19' title="bbox 77 1158 822 1214; baseline -0.001 -13"><span class='ocrx_word' id='word_1_95' title='bbox 77 1160 194 1202; x_wconf 77' lang='lat' dir='ltr'>haheo</span> <span class='ocrx_word' id='word_1_96' title='bbox 214 1158 270 1201; x_wconf 78' lang='lat' dir='ltr'>ad</span> <span class='ocrx_word' id='word_1_97' title='bbox 284 1161 367 1200; x_wconf 66' lang='lat' dir='ltr'>HS</span> <span class='ocrx_word' id='word_1_98' title='bbox 387 1159 442 1200; x_wconf 83' lang='lat' dir='ltr'>bis</span> <span class='ocrx_word' id='word_1_99' title='bbox 464 1173 502 1200; x_wconf 84' lang='lat' dir='ltr'>et</span> <span class='ocrx_word' id='word_1_100' title='bbox 522 1162 643 1200; x_wconf 79' lang='lat' dir='ltr'>vicies.</span> <span class='ocrx_word' id='word_1_101' title='bbox 699 1160 822 1214; x_wconf 88' lang='lat' dir='ltr'>loqui-</span> 
     </span>
     <span class='ocr_line' id='line_1_20' title="bbox 77 1217 818 1272; baseline -0.001 -14"><span class='ocrx_word' id='word_1_102' title='bbox 77 1229 141 1258; x_wconf 87' lang='lat' dir='ltr'>tur</span> <span class='ocrx_word' id='word_1_103' title='bbox 159 1217 206 1257; x_wconf 91' lang='lat' dir='ltr'>de</span> <span class='ocrx_word' id='word_1_104' title='bbox 227 1218 294 1257; x_wconf 79' lang='lat' dir='ltr'>hac</span> <span class='ocrx_word' id='word_1_105' title='bbox 316 1217 443 1272; x_wconf 82' lang='lat' dir='ltr'>Ephesi</span> <span class='ocrx_word' id='word_1_106' title='bbox 464 1217 628 1271; x_wconf 78' lang='lat' dir='ltr'>depoiita</span> <span class='ocrx_word' id='word_1_107' title='bbox 646 1221 818 1272; x_wconf 87' lang='lat' dir='ltr'>pecunia.</span> 
     </span>
     <span class='ocr_line' id='line_1_21' title="bbox 34 1273 817 1328; baseline 0 -13"><span class='ocrx_word' id='word_1_108' title='bbox 34 1285 39 1287; x_wconf 79' lang='grc'><em>“</em></span> <span class='ocrx_word' id='word_1_109' title='bbox 76 1290 165 1315; x_wconf 86' lang='lat' dir='ltr'>nam</span> <span class='ocrx_word' id='word_1_110' title='bbox 185 1273 349 1328; x_wconf 78' lang='lat' dir='ltr'>Ephesus</span> <span class='ocrx_word' id='word_1_111' title='bbox 366 1276 406 1313; x_wconf 88' lang='lat' dir='ltr'>in</span> <span class='ocrx_word' id='word_1_112' title='bbox 424 1277 555 1314; x_wconf 80' lang='lat' dir='ltr'>ionia:</span> <span class='ocrx_word' id='word_1_113' title='bbox 590 1288 688 1327; x_wconf 89' lang='lat' dir='ltr'>quae</span> <span class='ocrx_word' id='word_1_114' title='bbox 709 1278 817 1324; x_wconf 84' lang='lat' dir='ltr'>regio</span> 
     </span>
     <span class='ocr_line' id='line_1_22' title="bbox 74 1331 817 1382; baseline -0.001 -10"><span class='ocrx_word' id='word_1_115' title='bbox 74 1335 126 1372; x_wconf 90' lang='lat' dir='ltr'>est</span> <span class='ocrx_word' id='word_1_116' title='bbox 148 1332 259 1371; x_wconf 81' lang='lat' dir='ltr'>Asiae</span> <span class='ocrx_word' id='word_1_117' title='bbox 287 1331 371 1370; x_wconf 91' lang='lat' dir='ltr'>sunt</span> <span class='ocrx_word' id='word_1_118' title='bbox 385 1342 512 1370; x_wconf 89' lang='lat' dir='ltr'>autem</span> <span class='ocrx_word' id='word_1_119' title='bbox 534 1333 590 1371; x_wconf 90' lang='lat' dir='ltr'>bis</span> <span class='ocrx_word' id='word_1_120' title='bbox 619 1344 656 1372; x_wconf 86' lang='lat' dir='ltr'>et</span> <span class='ocrx_word' id='word_1_121' title='bbox 691 1335 817 1382; x_wconf 82' lang='lat' dir='ltr'>vicies,</span> 
     </span>
     <span class='ocr_line' id='line_1_23' title="bbox 74 1387 622 1430; baseline -0.004 -1"><span class='ocrx_word' id='word_1_122' title='bbox 74 1389 306 1430; x_wconf 73' lang='lat' dir='ltr'>scutatorum</span> <span class='ocrx_word' id='word_1_123' title='bbox 327 1391 458 1430; x_wconf 90' lang='lat' dir='ltr'><strong>LXVI.</strong></span> <span class='ocrx_word' id='word_1_124' title='bbox 490 1387 622 1428; x_wconf 81' lang='lat' dir='ltr'>millia.</span> 
     </span>
    </p>
   </div>
   <div class='ocr_carea' id='block_1_7' title="bbox 29 1461 816 2883">
    <p class='ocr_par' dir='ltr' id='par_1_9' title="bbox 29 1461 816 2883">
     <span class='ocr_line' id='line_1_24' title="bbox 131 1461 816 1514; baseline -0.001 -15"><span class='ocrx_word' id='word_1_125' title='bbox 131 1461 306 1511; x_wconf 79' lang='lat' dir='ltr'>Omnem]</span> <span class='ocrx_word' id='word_1_126' title='bbox 362 1462 508 1499; x_wconf 81' lang='lat' dir='ltr'>Partem</span> <span class='ocrx_word' id='word_1_127' title='bbox 529 1461 671 1514; x_wconf 72' lang='lat' dir='ltr'>potiuS,</span> <span class='ocrx_word' id='word_1_128' title='bbox 701 1473 816 1512; x_wconf 90' lang='lat' dir='ltr'>quam</span> 
     </span>
     <span class='ocr_line' id='line_1_25' title="bbox 29 1520 815 1570; baseline -0.004 -12"><span class='ocrx_word' id='word_1_129' title='bbox 29 1526 31 1528; x_wconf 84' lang='grc'><strong>’</strong></span> <span class='ocrx_word' id='word_1_130' title='bbox 73 1532 248 1558; x_wconf 86' lang='lat' dir='ltr'>omnem:</span> <span class='ocrx_word' id='word_1_131' title='bbox 287 1530 374 1556; x_wconf 87' lang='lat' dir='ltr'>nam</span> <span class='ocrx_word' id='word_1_132' title='bbox 402 1520 538 1556; x_wconf 90' lang='lat' dir='ltr'>Cicero</span> <span class='ocrx_word' id='word_1_133' title='bbox 567 1527 712 1570; x_wconf 85' lang='lat' dir='ltr'>partem</span> <span class='ocrx_word' id='word_1_134' title='bbox 733 1531 815 1556; x_wconf 82' lang='lat' dir='ltr'>exe-</span> 
     </span>
     <span class='ocr_line' id='line_1_26' title="bbox 73 1574 813 1628; baseline -0.003 -14"><span class='ocrx_word' id='word_1_135' title='bbox 73 1578 140 1626; x_wconf 80' lang='lat' dir='ltr'>git,</span> <span class='ocrx_word' id='word_1_136' title='bbox 162 1585 198 1614; x_wconf 89' lang='lat' dir='ltr'>et</span> <span class='ocrx_word' id='word_1_137' title='bbox 228 1574 328 1628; x_wconf 84' lang='lat' dir='ltr'>apud</span> <span class='ocrx_word' id='word_1_138' title='bbox 361 1577 560 1625; x_wconf 81' lang='lat' dir='ltr'>Egnatium</span> <span class='ocrx_word' id='word_1_139' title='bbox 594 1577 813 1627; x_wconf 78' lang='lat' dir='ltr'>trapezitam</span> 
     </span>
     <span class='ocr_line' id='line_1_27' title="bbox 73 1630 813 1686; baseline -0.004 -13"><span class='ocrx_word' id='word_1_140' title='bbox 73 1630 260 1686; x_wconf 80' lang='lat' dir='ltr'>deposuit,</span> <span class='ocrx_word' id='word_1_141' title='bbox 276 1633 343 1671; x_wconf 88' lang='lat' dir='ltr'>vbi</span> <span class='ocrx_word' id='word_1_142' title='bbox 363 1634 479 1671; x_wconf 86' lang='lat' dir='ltr'>tutius</span> <span class='ocrx_word' id='word_1_143' title='bbox 503 1631 587 1670; x_wconf 90' lang='lat' dir='ltr'>fore</span> <span class='ocrx_word' id='word_1_144' title='bbox 597 1631 813 1670; x_wconf 83' lang='lat' dir='ltr'>videbatur.</span> 
     </span>
     <span class='ocr_line' id='line_1_28' title="bbox 70 1687 813 1741; baseline -0.004 -12"><span class='ocrx_word' id='word_1_145' title='bbox 70 1691 144 1729; x_wconf 86' lang='lat' dir='ltr'>hoc</span> <span class='ocrx_word' id='word_1_146' title='bbox 166 1688 270 1729; x_wconf 77' lang='lat' dir='ltr'>duae</span> <span class='ocrx_word' id='word_1_147' title='bbox 295 1688 341 1727; x_wconf 87' lang='lat' dir='ltr'>ad</span> <span class='ocrx_word' id='word_1_148' title='bbox 367 1690 530 1728; x_wconf 82' lang='lat' dir='ltr'>Atticum</span> <span class='ocrx_word' id='word_1_149' title='bbox 556 1687 714 1741; x_wconf 82' lang='lat' dir='ltr'>scriptae</span> <span class='ocrx_word' id='word_1_150' title='bbox 737 1690 813 1741; x_wconf 92' lang='lat' dir='ltr'>epi-</span> 
     </span>
     <span class='ocr_line' id='line_1_29' title="bbox 70 1743 813 1793; baseline -0.004 -8"><span class='ocrx_word' id='word_1_151' title='bbox 70 1746 200 1793; x_wconf 76' lang='lat' dir='ltr'>stolae,</span> <span class='ocrx_word' id='word_1_152' title='bbox 220 1745 379 1785; x_wconf 87' lang='lat' dir='ltr'>secunda</span> <span class='ocrx_word' id='word_1_153' title='bbox 396 1756 434 1784; x_wconf 91' lang='lat' dir='ltr'>et</span> <span class='ocrx_word' id='word_1_154' title='bbox 455 1747 565 1784; x_wconf 86' lang='lat' dir='ltr'>tertia</span> <span class='ocrx_word' id='word_1_155' title='bbox 584 1743 650 1784; x_wconf 82' lang='lat' dir='ltr'>lib.</span> <span class='ocrx_word' id='word_1_156' title='bbox 670 1757 730 1786; x_wconf 83' lang='lat'>11.</span> <span class='ocrx_word' id='word_1_157' title='bbox 753 1748 813 1783; x_wconf 85' lang='lat' dir='ltr'>de-</span> 
     </span>
     <span class='ocr_line' id='line_1_30' title="bbox 68 1800 814 1856; baseline -0.003 -14"><span class='ocrx_word' id='word_1_158' title='bbox 68 1803 224 1843; x_wconf 67' lang='lat' dir='ltr'>‹lai-ant.</span> <span class='ocrx_word' id='word_1_159' title='bbox 262 1804 303 1841; x_wconf 90' lang='lat' dir='ltr'>in</span> <span class='ocrx_word' id='word_1_160' title='bbox 341 1804 462 1856; x_wconf 83' lang='lat' dir='ltr'>prima</span> <span class='ocrx_word' id='word_1_161' title='bbox 498 1800 691 1855; x_wconf 83' lang='lat' dir='ltr'>scripserat</span> <span class='ocrx_word' id='word_1_162' title='bbox 722 1802 814 1840; x_wconf 89' lang='lat' dir='ltr'>haec</span> 
     </span>
     <span class='ocr_line' id='line_1_31' title="bbox 70 1859 813 1912; baseline -0.005 -10"><span class='ocrx_word' id='word_1_163' title='bbox 70 1864 226 1902; x_wconf 78' lang='lat' dir='ltr'>Cicero:</span> <span class='ocrx_word' id='word_1_164' title='bbox 267 1862 311 1899; x_wconf 86' lang='lat' dir='ltr'>In</span> <span class='ocrx_word' id='word_1_165' title='bbox 333 1859 536 1912; x_wconf 51' lang='lat' dir='ltr'>cistophoro</span> <span class='ocrx_word' id='word_1_166' title='bbox 556 1861 596 1898; x_wconf 82' lang='lat' dir='ltr'>in</span> <span class='ocrx_word' id='word_1_167' title='bbox 623 1859 716 1911; x_wconf 68' lang='lat' dir='ltr'>Asia</span> <span class='ocrx_word' id='word_1_168' title='bbox 749 1860 813 1898; x_wconf 82' lang='lat' dir='ltr'>ha-</span> 
     </span>
     <span class='ocr_line' id='line_1_32' title="bbox 70 1915 811 1958; baseline -0.005 0"><span class='ocrx_word' id='word_1_169' title='bbox 70 1918 136 1958; x_wconf 75' lang='lat' dir='ltr'>beo</span> <span class='ocrx_word' id='word_1_170' title='bbox 161 1915 217 1956; x_wconf 73' lang='lat' dir='ltr'>ad</span> <span class='ocrx_word' id='word_1_171' title='bbox 235 1918 318 1956; x_wconf 64' lang='lat' dir='ltr'>HS</span> <span class='ocrx_word' id='word_1_172' title='bbox 335 1917 390 1956; x_wconf 73' lang='lat' dir='ltr'>his</span> <span class='ocrx_word' id='word_1_173' title='bbox 410 1927 445 1955; x_wconf 83' lang='lat' dir='ltr'>et</span> <span class='ocrx_word' id='word_1_174' title='bbox 470 1917 594 1956; x_wconf 77' lang='lat' dir='ltr'>vicies.</span> <span class='ocrx_word' id='word_1_175' title='bbox 682 1917 727 1954; x_wconf 89' lang='lat' dir='ltr'>In</span> <span class='ocrx_word' id='word_1_176' title='bbox 760 1915 811 1954; x_wconf 85' lang='lat' dir='ltr'>se-</span> 
     </span>
     <span class='ocr_line' id='line_1_33' title="bbox 72 1974 810 2028; baseline -0.003 -14"><span class='ocrx_word' id='word_1_177' title='bbox 72 1974 206 2023; x_wconf 82' lang='lat' dir='ltr'>cunda,</span> <span class='ocrx_word' id='word_1_178' title='bbox 235 1988 283 2013; x_wconf 70' lang='lat' dir='ltr'>ex</span> <span class='ocrx_word' id='word_1_179' title='bbox 298 1989 354 2019; x_wconf 81' lang='lat' dir='ltr'>ea,</span> <span class='ocrx_word' id='word_1_180' title='bbox 378 1975 517 2025; x_wconf 85' lang='lat' dir='ltr'>inquit,</span> <span class='ocrx_word' id='word_1_181' title='bbox 533 1975 704 2025; x_wconf 70' lang='lat' dir='ltr'>pecunia,</span> <span class='ocrx_word' id='word_1_182' title='bbox 718 1987 810 2028; x_wconf 82' lang='lat' dir='ltr'>quae</span> 
     </span>
     <span class='ocr_line' id='line_1_34' title="bbox 69 2028 811 2082; baseline -0.004 -11"><span class='ocrx_word' id='word_1_183' title='bbox 69 2032 151 2078; x_wconf 71' lang='lat' dir='ltr'>fuit</span> <span class='ocrx_word' id='word_1_184' title='bbox 169 2033 209 2071; x_wconf 83' lang='lat' dir='ltr'>in</span> <span class='ocrx_word' id='word_1_185' title='bbox 232 2030 342 2082; x_wconf 75' lang='lat' dir='ltr'>Asta,</span> <span class='ocrx_word' id='word_1_186' title='bbox 366 2041 519 2082; x_wconf 60' lang='lat' dir='ltr'>partem</span> <span class='ocrx_word' id='word_1_187' title='bbox 534 2028 738 2070; x_wconf 66' lang='lat' dir='ltr'>dimidiam</span> <span class='ocrx_word' id='word_1_188' title='bbox 750 2029 811 2079; x_wconf 80' lang='lat' dir='ltr'>fe-</span> 
     </span>
     <span class='ocr_line' id='line_1_35' title="bbox 70 2085 810 2144; baseline -0.005 -15"><span class='ocrx_word' id='word_1_189' title='bbox 70 2104 114 2129; x_wconf 84' lang='lat' dir='ltr'>re</span> <span class='ocrx_word' id='word_1_190' title='bbox 135 2088 252 2144; x_wconf 78' lang='lat' dir='ltr'>exegi.</span> <span class='ocrx_word' id='word_1_191' title='bbox 283 2090 406 2127; x_wconf 82' lang='lat' dir='ltr'>tutius</span> <span class='ocrx_word' id='word_1_192' title='bbox 419 2085 722 2140; x_wconf 63' lang='lat' dir='ltr'>videbatur-flare</span> <span class='ocrx_word' id='word_1_193' title='bbox 742 2086 810 2134; x_wconf 77' lang='lat' dir='ltr'>ibi,</span> 
     </span>
     <span class='ocr_line' id='line_1_36' title="bbox 71 2143 813 2200; baseline -0.005 -14"><span class='ocrx_word' id='word_1_194' title='bbox 71 2145 137 2186; x_wconf 82' lang='lat' dir='ltr'>vbi</span> <span class='ocrx_word' id='word_1_195' title='bbox 158 2146 218 2198; x_wconf 50' lang='lat' dir='ltr'>est,</span> <span class='ocrx_word' id='word_1_196' title='bbox 235 2159 349 2200; x_wconf 79' lang='lat' dir='ltr'>qnam</span> <span class='ocrx_word' id='word_1_197' title='bbox 367 2146 470 2195; x_wconf 81' lang='lat' dir='ltr'>apud</span> <span class='ocrx_word' id='word_1_198' title='bbox 484 2143 717 2196; x_wconf 76' lang='lat' dir='ltr'>publicanos.</span> <span class='ocrx_word' id='word_1_199' title='bbox 763 2145 813 2182; x_wconf 82' lang='lat' dir='ltr'>In.</span> 
     </span>
     <span class='ocr_line' id='line_1_37' title="bbox 69 2199 810 2256; baseline -0.003 -14"><span class='ocrx_word' id='word_1_200' title='bbox 69 2205 181 2243; x_wconf 87' lang='lat' dir='ltr'>tertia</span> <span class='ocrx_word' id='word_1_201' title='bbox 203 2204 268 2241; x_wconf 76' lang='lat' dir='ltr'>sic:</span> <span class='ocrx_word' id='word_1_202' title='bbox 299 2203 463 2241; x_wconf 79' lang='lat' dir='ltr'>Pecunia</span> <span class='ocrx_word' id='word_1_203' title='bbox 482 2199 587 2252; x_wconf 82' lang='lat' dir='ltr'>apud</span> <span class='ocrx_word' id='word_1_204' title='bbox 601 2200 810 2256; x_wconf 77' lang='lat' dir='ltr'>Egnatium</span> 
     </span>
     <span class='ocr_line' id='line_1_38' title="bbox 72 2256 808 2314; baseline -0.004 -16"><span class='ocrx_word' id='word_1_205' title='bbox 72 2260 135 2314; x_wconf 58' lang='lat' dir='ltr'>esst.</span> <span class='ocrx_word' id='word_1_206' title='bbox 151 2260 214 2312; x_wconf 79' lang='lat' dir='ltr'>sit</span> <span class='ocrx_word' id='word_1_207' title='bbox 236 2275 259 2298; x_wconf 81' lang='grc' dir='ltr'>ιι</span> <span class='ocrx_word' id='word_1_208' title='bbox 278 2274 349 2306; x_wconf 84' lang='lat' dir='ltr'>me,</span> <span class='ocrx_word' id='word_1_209' title='bbox 370 2269 414 2298; x_wconf 84' lang='lat' dir='ltr'>vt</span> <span class='ocrx_word' id='word_1_210' title='bbox 433 2256 492 2310; x_wconf 69' lang='lat' dir='ltr'>est.</span> <span class='ocrx_word' id='word_1_211' title='bbox 549 2257 696 2296; x_wconf 86' lang='lat' dir='ltr'>Deinde</span> <span class='ocrx_word' id='word_1_212' title='bbox 725 2257 808 2296; x_wconf 86' lang='lat' dir='ltr'>sub-</span> 
     </span>
     <span class='ocr_line' id='line_1_39' title="bbox 70 2313 809 2370; baseline -0.003 -14"><span class='ocrx_word' id='word_1_213' title='bbox 70 2318 195 2356; x_wconf 83' lang='lat' dir='ltr'>iunxit</span> <span class='ocrx_word' id='word_1_214' title='bbox 216 2316 350 2355; x_wconf 81' lang='lat' dir='ltr'>eodem</span> <span class='ocrx_word' id='word_1_215' title='bbox 369 2317 411 2354; x_wconf 88' lang='lat' dir='ltr'>in</span> <span class='ocrx_word' id='word_1_216' title='bbox 427 2313 534 2353; x_wconf 84' lang='lat' dir='ltr'>loco:</span> <span class='ocrx_word' id='word_1_217' title='bbox 587 2314 705 2367; x_wconf 79' lang='lat' dir='ltr'>Etsi</span> <span class='ocrx_word' id='word_1_218' title='bbox 730 2328 809 2370; x_wconf 79' lang='lat' dir='ltr'>egeo</span> 
     </span>
     <span class='ocr_line' id='line_1_40' title="bbox 69 2370 808 2427; baseline -0.001 -15"><span class='ocrx_word' id='word_1_219' title='bbox 69 2373 180 2412; x_wconf 70' lang='lat' dir='ltr'>rebus</span> <span class='ocrx_word' id='word_1_220' title='bbox 201 2373 391 2422; x_wconf 46' lang='lat' dir='ltr'>omnibu&amp;</span> <span class='ocrx_word' id='word_1_221' title='bbox 425 2370 524 2427; x_wconf 77' lang='lat' dir='ltr'>quod</span> <span class='ocrx_word' id='word_1_222' title='bbox 547 2372 581 2410; x_wconf 81' lang='lat' dir='ltr'>is</span> <span class='ocrx_word' id='word_1_223' title='bbox 599 2385 742 2427; x_wconf 85' lang='lat' dir='ltr'>quoque</span> <span class='ocrx_word' id='word_1_224' title='bbox 768 2374 808 2411; x_wconf 86' lang='lat' dir='ltr'>in</span> 
     </span>
     <span class='ocr_line' id='line_1_41' title="bbox 70 2427 808 2486; baseline -0.001 -17"><span class='ocrx_word' id='word_1_225' title='bbox 70 2431 253 2486; x_wconf 62' lang='lat' dir='ltr'>angustiis</span> <span class='ocrx_word' id='word_1_226' title='bbox 280 2429 340 2478; x_wconf 63' lang='lat' dir='ltr'>est,</span> <span class='ocrx_word' id='word_1_227' title='bbox 375 2432 526 2484; x_wconf 83' lang='lat' dir='ltr'>quicum</span> <span class='ocrx_word' id='word_1_228' title='bbox 543 2427 701 2478; x_wconf 78' lang='lat' dir='ltr'>sumus;</span> <span class='ocrx_word' id='word_1_229' title='bbox 746 2431 808 2469; x_wconf 76' lang='lat' dir='ltr'>cui</span> 
     </span>
     <span class='ocr_line' id='line_1_42' title="bbox 68 2486 809 2539; baseline -0.003 -12"><span class='ocrx_word' id='word_1_230' title='bbox 68 2502 247 2539; x_wconf 59' lang='lat' dir='ltr'>magnam</span> <span class='ocrx_word' id='word_1_231' title='bbox 288 2486 461 2526; x_wconf 59' lang='lat' dir='ltr'>dedamus</span> <span class='ocrx_word' id='word_1_232' title='bbox 496 2487 694 2537; x_wconf 82' lang='lat' dir='ltr'>pecuniam</span> <span class='ocrx_word' id='word_1_233' title='bbox 731 2500 809 2525; x_wconf 89' lang='lat' dir='ltr'>mu·</span> 
     </span>
     <span class='ocr_line' id='line_1_43' title="bbox 69 2541 810 2596; baseline 0 -13"><span class='ocrx_word' id='word_1_234' title='bbox 69 2555 189 2591; x_wconf 77' lang='lat' dir='ltr'>tuum,</span> <span class='ocrx_word' id='word_1_235' title='bbox 227 2546 424 2595; x_wconf 65' lang='lat' dir='ltr'>opinantes</span> <span class='ocrx_word' id='word_1_236' title='bbox 452 2544 565 2582; x_wconf 68' lang='lat' dir='ltr'>nohis.</span> <span class='ocrx_word' id='word_1_237' title='bbox 597 2541 810 2596; x_wconf 74' lang='lat' dir='ltr'>constitutis</span> 
     </span>
     <span class='ocr_line' id='line_1_44' title="bbox 67 2599 807 2651; baseline -0.003 -11"><span class='ocrx_word' id='word_1_238' title='bbox 67 2600 192 2647; x_wconf 78' lang='lat' dir='ltr'>rebus,</span> <span class='ocrx_word' id='word_1_239' title='bbox 216 2615 296 2639; x_wconf 71' lang='lat' dir='ltr'>emt}</span> <span class='ocrx_word' id='word_1_240' title='bbox 319 2613 399 2639; x_wconf 82' lang='lat' dir='ltr'>rem</span> <span class='ocrx_word' id='word_1_241' title='bbox 417 2602 534 2638; x_wconf 74' lang='lat' dir='ltr'>etiam</span> <span class='ocrx_word' id='word_1_242' title='bbox 562 2600 695 2638; x_wconf 66' lang='lat' dir='ltr'>honori</span> <span class='ocrx_word' id='word_1_243' title='bbox 707 2599 807 2651; x_wconf 87' lang='lat' dir='ltr'>fore.</span> 
     </span>
     <span class='ocr_line' id='line_1_45' title="bbox 68 2655 807 2710; baseline -0.001 -14"><span class='ocrx_word' id='word_1_244' title='bbox 68 2668 105 2696; x_wconf 90' lang='lat' dir='ltr'>et</span> <span class='ocrx_word' id='word_1_245' title='bbox 133 2658 179 2696; x_wconf 80' lang='lat' dir='ltr'>ad</span> <span class='ocrx_word' id='word_1_246' title='bbox 209 2656 372 2696; x_wconf 84' lang='lat' dir='ltr'>eundem</span> <span class='ocrx_word' id='word_1_247' title='bbox 419 2657 522 2710; x_wconf 83' lang='lat' dir='ltr'>epist.</span> <span class='ocrx_word' id='word_1_248' title='bbox 549 2665 609 2704; x_wconf 88' lang='lat'>13.</span> <span class='ocrx_word' id='word_1_249' title='bbox 638 2655 807 2695; x_wconf 85' lang='lat' dir='ltr'>eiusdem</span> 
     </span>
     <span class='ocr_line' id='line_1_46' title="bbox 65 2713 808 2770; baseline -0.001 -17"><span class='ocrx_word' id='word_1_250' title='bbox 65 2713 178 2753; x_wconf 81' lang='lat' dir='ltr'>libri:</span> <span class='ocrx_word' id='word_1_251' title='bbox 216 2716 258 2755; x_wconf 85' lang='lat' dir='ltr'>Si</span> <span class='ocrx_word' id='word_1_252' title='bbox 280 2729 374 2770; x_wconf 65' lang='lat' dir='ltr'>quas</span> <span class='ocrx_word' id='word_1_253' title='bbox 403 2713 602 2751; x_wconf 73' lang='lat' dir='ltr'>habuimus</span> <span class='ocrx_word' id='word_1_254' title='bbox 633 2713 808 2762; x_wconf 82' lang='lat' dir='ltr'>faculta-</span> 
     </span>
     <span class='ocr_line' id='line_1_47' title="bbox 66 2768 805 2823; baseline -0.001 -13"><span class='ocrx_word' id='word_1_255' title='bbox 66 2783 130 2819; x_wconf 85' lang='lat' dir='ltr'>tes,</span> <span class='ocrx_word' id='word_1_256' title='bbox 153 2786 214 2810; x_wconf 85' lang='lat' dir='ltr'>eas</span> <span class='ocrx_word' id='word_1_257' title='bbox 235 2772 406 2823; x_wconf 66' lang='lat' dir='ltr'>Pompeio</span> <span class='ocrx_word' id='word_1_258' title='bbox 425 2781 520 2816; x_wconf 72' lang='lat' dir='ltr'>tum,</span> <span class='ocrx_word' id='word_1_259' title='bbox 537 2783 620 2808; x_wconf 82' lang='lat' dir='ltr'>cum</span> <span class='ocrx_word' id='word_1_260' title='bbox 642 2768 686 2809; x_wconf 82' lang='lat' dir='ltr'>:d</span> <span class='ocrx_word' id='word_1_261' title='bbox 707 2772 805 2810; x_wconf 83' lang='lat' dir='ltr'>vide·</span> 
     </span>
     <span class='ocr_line' id='line_1_48' title="bbox 67 2824 802 2883; baseline -0.001 -15"><span class='ocrx_word' id='word_1_262' title='bbox 67 2828 205 2869; x_wconf 83' lang='lat' dir='ltr'>bamur</span> <span class='ocrx_word' id='word_1_263' title='bbox 212 2829 409 2883; x_wconf 80' lang='lat' dir='ltr'>sapienter</span> <span class='ocrx_word' id='word_1_264' title='bbox 420 2825 571 2880; x_wconf 81' lang='lat' dir='ltr'>facere,</span> <span class='ocrx_word' id='word_1_265' title='bbox 582 2824 802 2868; x_wconf 81' lang='lat' dir='ltr'>detulimus.</span> 
     </span>
    </p>
   </div>
   <div class='ocr_carea' id='block_1_8' title="bbox 885 320 1633 700">
    <p class='ocr_par' dir='ltr' id='par_1_10' title="bbox 885 320 1633 700">
     <span class='ocr_line' id='line_1_49' title="bbox 891 320 1633 376; baseline 0.011 -19"><span class='ocrx_word' id='word_1_266' title='bbox 891 320 1027 360; x_wconf 86' lang='lat' dir='ltr'>Cicero</span> <span class='ocrx_word' id='word_1_267' title='bbox 1051 327 1214 376; x_wconf 77' lang='lat' dir='ltr'>tempori</span> <span class='ocrx_word' id='word_1_268' title='bbox 1234 325 1416 373; x_wconf 81' lang='lat' dir='ltr'>seruiens,</span> <span class='ocrx_word' id='word_1_269' title='bbox 1436 337 1515 364; x_wconf 81' lang='lat' dir='ltr'>tuni</span> <span class='ocrx_word' id='word_1_270' title='bbox 1536 325 1633 365; x_wconf 87' lang='lat' dir='ltr'>vtde</span> 
     </span>
     <span class='ocr_line' id='line_1_50' title="bbox 889 378 1633 424; baseline 0.012 -10"><span class='ocrx_word' id='word_1_271' title='bbox 889 378 964 415; x_wconf 86' lang='lat' dir='ltr'>H-S</span> <span class='ocrx_word' id='word_1_272' title='bbox 984 389 1135 417; x_wconf 86' lang='lat' dir='ltr'>centum</span> <span class='ocrx_word' id='word_1_273' title='bbox 1151 380 1319 422; x_wconf 74' lang='lat' dir='ltr'>millibus</span> <span class='ocrx_word' id='word_1_274' title='bbox 1342 381 1479 424; x_wconf 79' lang='lat' dir='ltr'>Rufum</span> <span class='ocrx_word' id='word_1_275' title='bbox 1501 382 1633 423; x_wconf 63' lang='lat' dir='ltr'>conso÷</span> 
     </span>
     <span class='ocr_line' id='line_1_51' title="bbox 887 431 1632 490; baseline 0.017 -20"><span class='ocrx_word' id='word_1_276' title='bbox 887 431 1029 472; x_wconf 83' lang='lat' dir='ltr'>latetur</span> <span class='ocrx_word' id='word_1_277' title='bbox 1079 437 1253 490; x_wconf 83' lang='lat' dir='ltr'>exemplo</span> <span class='ocrx_word' id='word_1_278' title='bbox 1305 441 1475 480; x_wconf 72' lang='lat' dir='ltr'>iae‘turae</span> <span class='ocrx_word' id='word_1_279' title='bbox 1520 439 1632 483; x_wconf 67' lang='lat' dir='ltr'>suaez</span> 
     </span>
     <span class='ocr_line' id='line_1_52' title="bbox 887 498 1628 550; baseline 0.013 -23"><span class='ocrx_word' id='word_1_280' title='bbox 887 501 968 528; x_wconf 85' lang='lat' dir='ltr'>tum</span> <span class='ocrx_word' id='word_1_281' title='bbox 995 502 1131 540; x_wconf 83' lang='lat' dir='ltr'>etiam,</span> <span class='ocrx_word' id='word_1_282' title='bbox 1173 506 1213 533; x_wconf 87' lang='lat' dir='ltr'>vt</span> <span class='ocrx_word' id='word_1_283' title='bbox 1244 498 1292 544; x_wconf 86' lang='lat' dir='ltr'>ei,</span> <span class='ocrx_word' id='word_1_284' title='bbox 1318 510 1487 536; x_wconf 77' lang='lat' dir='ltr'>mutuam</span> <span class='ocrx_word' id='word_1_285' title='bbox 1519 512 1628 550; x_wconf 88' lang='lat' dir='ltr'>pecu·</span> 
     </span>
     <span class='ocr_line' id='line_1_53' title="bbox 885 548 1632 606; baseline 0.015 -23"><span class='ocrx_word' id='word_1_286' title='bbox 885 548 1000 594; x_wconf 81' lang='lat' dir='ltr'>niam,</span> <span class='ocrx_word' id='word_1_287' title='bbox 1021 557 1212 602; x_wconf 79' lang='lat' dir='ltr'>tamquam</span> <span class='ocrx_word' id='word_1_288' title='bbox 1245 566 1288 591; x_wconf 85' lang='lat' dir='ltr'>ex</span> <span class='ocrx_word' id='word_1_289' title='bbox 1315 554 1498 606; x_wconf 75' lang='lat' dir='ltr'>promisso</span> <span class='ocrx_word' id='word_1_290' title='bbox 1527 555 1632 594; x_wconf 81' lang='lat' dir='ltr'>debi-</span> 
     </span>
     <span class='ocr_line' id='line_1_54' title="bbox 886 603 1627 660; baseline 0.013 -18"><span class='ocrx_word' id='word_1_291' title='bbox 886 613 974 651; x_wconf 85' lang='lat' dir='ltr'>tam,</span> <span class='ocrx_word' id='word_1_292' title='bbox 995 603 1179 658; x_wconf 80' lang='lat' dir='ltr'>poscenti,</span> <span class='ocrx_word' id='word_1_293' title='bbox 1208 610 1341 649; x_wconf 84' lang='lat' dir='ltr'>iustius</span> <span class='ocrx_word' id='word_1_294' title='bbox 1367 624 1504 660; x_wconf 83' lang='lat' dir='ltr'>negare</span> <span class='ocrx_word' id='word_1_295' title='bbox 1524 610 1627 651; x_wconf 82' lang='lat' dir='ltr'>vide-</span> 
     </span>
     <span class='ocr_line' id='line_1_55' title="bbox 885 670 1002 700; baseline 0.009 -1"><span class='ocrx_word' id='word_1_296' title='bbox 885 670 1002 700; x_wconf 87' lang='lat' dir='ltr'>retur.</span> 
     </span>
    </p>
   </div>
   <div class='ocr_carea' id='block_1_9' title="bbox 878 731 1627 1172">
    <p class='ocr_par' dir='ltr' id='par_1_11' title="bbox 878 731 1627 1172">
     <span class='ocr_line' id='line_1_56' title="bbox 941 731 1627 778; baseline 0.013 -8"><span class='ocrx_word' id='word_1_297' title='bbox 941 731 1005 772; x_wconf 83' lang='lat' dir='ltr'>De</span> <span class='ocrx_word' id='word_1_298' title='bbox 1024 732 1108 773; x_wconf 68' lang='lat' dir='ltr'>HS</span> <span class='ocrx_word' id='word_1_299' title='bbox 1125 746 1276 775; x_wconf 80' lang='lat' dir='ltr'>centum</span> <span class='ocrx_word' id='word_1_300' title='bbox 1296 746 1411 775; x_wconf 85' lang='lat' dir='ltr'><strong>ERN.</strong></span> <span class='ocrx_word' id='word_1_301' title='bbox 1457 737 1521 777; x_wconf 87' lang='lat' dir='ltr'>De</span> <span class='ocrx_word' id='word_1_302' title='bbox 1542 738 1627 778; x_wconf 75' lang='lat' dir='ltr'>HS</span> 
     </span>
     <span class='ocr_line' id='line_1_57' title="bbox 883 791 1624 841; baseline 0.011 -15"><span class='ocrx_word' id='word_1_303' title='bbox 883 800 1031 828; x_wconf 59' lang='lat' dir='ltr'>centnm</span> <span class='ocrx_word' id='word_1_304' title='bbox 1053 791 1239 841; x_wconf 39' lang='lat' dir='ltr'>mill-thus]</span> <span class='ocrx_word' id='word_1_305' title='bbox 1299 794 1407 841; x_wconf 67' lang='lat' dir='ltr'>Quae</span> <span class='ocrx_word' id='word_1_306' title='bbox 1425 794 1544 833; x_wconf 84' lang='lat' dir='ltr'>Rufus</span> <span class='ocrx_word' id='word_1_307' title='bbox 1564 809 1624 834; x_wconf 86' lang='lat' dir='ltr'>ae-</span> 
     </span>
     <span class='ocr_line' id='line_1_58' title="bbox 883 846 1625 895; baseline 0.013 -13"><span class='ocrx_word' id='word_1_308' title='bbox 883 848 986 884; x_wconf 88' lang='lat' dir='ltr'>rario</span> <span class='ocrx_word' id='word_1_309' title='bbox 1012 846 1187 895; x_wconf 86' lang='lat' dir='ltr'>debebat,</span> <span class='ocrx_word' id='word_1_310' title='bbox 1206 863 1251 887; x_wconf 87' lang='lat' dir='ltr'>ex</span> <span class='ocrx_word' id='word_1_311' title='bbox 1274 850 1400 889; x_wconf 80' lang='lat' dir='ltr'>relatis</span> <span class='ocrx_word' id='word_1_312' title='bbox 1431 865 1451 890; x_wconf 87' lang='lat' dir='ltr'>a</span> <span class='ocrx_word' id='word_1_313' title='bbox 1474 855 1625 892; x_wconf 78' lang='lat' dir='ltr'>Cicero-</span> 
     </span>
     <span class='ocr_line' id='line_1_59' title="bbox 884 905 1623 948; baseline 0.014 -9"><span class='ocrx_word' id='word_1_314' title='bbox 884 917 932 940; x_wconf 87' lang='lat' dir='ltr'>ne</span> <span class='ocrx_word' id='word_1_315' title='bbox 968 905 1205 943; x_wconf 77' lang='lat' dir='ltr'>rationibus:</span> <span class='ocrx_word' id='word_1_316' title='bbox 1247 905 1308 945; x_wconf 89' lang='lat' dir='ltr'>sed</span> <span class='ocrx_word' id='word_1_317' title='bbox 1343 919 1511 948; x_wconf 88' lang='lat' dir='ltr'>erratum</span> <span class='ocrx_word' id='word_1_318' title='bbox 1539 908 1623 948; x_wconf 84' lang='lat' dir='ltr'>scri-</span> 
     </span>
     <span class='ocr_line' id='line_1_60' title="bbox 880 958 1624 1014; baseline 0.012 -17"><span class='ocrx_word' id='word_1_319' title='bbox 880 958 1013 1012; x_wconf 83' lang='lat' dir='ltr'>pserat,</span> <span class='ocrx_word' id='word_1_320' title='bbox 1037 961 1154 1014; x_wconf 88' lang='lat' dir='ltr'>idque</span> <span class='ocrx_word' id='word_1_321' title='bbox 1187 966 1465 1012; x_wconf 80' lang='lat' dir='ltr'>corrigendum.</span> <span class='ocrx_word' id='word_1_322' title='bbox 1496 966 1624 1006; x_wconf 83' lang='lat' dir='ltr'>rescri-</span> 
     </span>
     <span class='ocr_line' id='line_1_61' title="bbox 879 1018 1624 1075; baseline 0.012 -21"><span class='ocrx_word' id='word_1_323' title='bbox 879 1018 947 1069; x_wconf 83' lang='lat' dir='ltr'>ptit</span> <span class='ocrx_word' id='word_1_324' title='bbox 968 1019 1103 1056; x_wconf 85' lang='lat' dir='ltr'>Cicero</span> <span class='ocrx_word' id='word_1_325' title='bbox 1127 1020 1267 1068; x_wconf 87' lang='lat' dir='ltr'>corrigi</span> <span class='ocrx_word' id='word_1_326' title='bbox 1293 1035 1372 1060; x_wconf 86' lang='lat' dir='ltr'>non</span> <span class='ocrx_word' id='word_1_327' title='bbox 1401 1022 1529 1075; x_wconf 82' lang='lat' dir='ltr'>posse3</span> <span class='ocrx_word' id='word_1_328' title='bbox 1560 1038 1624 1062; x_wconf 90' lang='lat' dir='ltr'>ve-</span> 
     </span>
     <span class='ocr_line' id='line_1_62' title="bbox 879 1073 1620 1134; baseline 0.015 -24"><span class='ocrx_word' id='word_1_329' title='bbox 879 1088 964 1112; x_wconf 86' lang='lat' dir='ltr'>rum</span> <span class='ocrx_word' id='word_1_330' title='bbox 987 1073 1023 1112; x_wconf 88' lang='lat' dir='ltr'>se</span> <span class='ocrx_word' id='word_1_331' title='bbox 1043 1078 1088 1112; x_wconf 83' lang='lat' dir='ltr'>de</span> <span class='ocrx_word' id='word_1_332' title='bbox 1108 1075 1188 1123; x_wconf 72' lang='lat' dir='ltr'>suo,</span> <span class='ocrx_word' id='word_1_333' title='bbox 1210 1089 1396 1129; x_wconf 88' lang='lat' dir='ltr'>quantum</span> <span class='ocrx_word' id='word_1_334' title='bbox 1424 1079 1559 1134; x_wconf 71' lang='lat' dir='ltr'>posset,</span> <span class='ocrx_word' id='word_1_335' title='bbox 1585 1084 1620 1123; x_wconf 86' lang='lat' dir='ltr'>ei</span> 
     </span>
     <span class='ocr_line' id='line_1_63' title="bbox 878 1131 1221 1172; baseline 0.012 -4"><span class='ocrx_word' id='word_1_336' title='bbox 878 1131 1221 1172; x_wconf 86' lang='lat' dir='ltr'>commodaturum.</span> 
     </span>
    </p>
   </div>
   <div class='ocr_carea' id='block_1_10' title="bbox 936 1187 1431 1240">
    <p class='ocr_par' dir='ltr' id='par_1_12' title="bbox 936 1187 1431 1240">
     <span class='ocr_line' id='line_1_64' title="bbox 936 1187 1431 1240; baseline 0.008 -13"><span class='ocrx_word' id='word_1_337' title='bbox 936 1187 1118 1240; x_wconf 55' lang='lat' dir='ltr'>Cbsaeriisj</span> <span class='ocrx_word' id='word_1_338' title='bbox 1148 1189 1302 1230; x_wconf 83' lang='lat' dir='ltr'>Publice</span> <span class='ocrx_word' id='word_1_339' title='bbox 1323 1190 1431 1232; x_wconf 84' lang='lat' dir='ltr'>datis.</span> 
     </span>
    </p>
   </div>
   <div class='ocr_carea' id='block_1_11' title="bbox 874 1258 1621 1369">
    <p class='ocr_par' dir='ltr' id='par_1_13' title="bbox 874 1258 1621 1369">
     <span class='ocr_line' id='line_1_65' title="bbox 930 1258 1621 1317; baseline 0.012 -20"><span class='ocrx_word' id='word_1_340' title='bbox 930 1258 995 1298; x_wconf 82' lang='lat' dir='ltr'>De</span> <span class='ocrx_word' id='word_1_341' title='bbox 1015 1274 1097 1298; x_wconf 83' lang='lat' dir='ltr'>mea</span> <span class='ocrx_word' id='word_1_342' title='bbox 1118 1259 1372 1317; x_wconf 79' lang='lat' dir='ltr'>liberalitate]</span> <span class='ocrx_word' id='word_1_343' title='bbox 1432 1266 1530 1304; x_wconf 88' lang='lat' dir='ltr'>Cum</span> <span class='ocrx_word' id='word_1_344' title='bbox 1551 1263 1621 1305; x_wconf 84' lang='lat' dir='ltr'>ali-</span> 
     </span>
     <span class='ocr_line' id='line_1_66' title="bbox 874 1317 1448 1369; baseline 0.016 -16"><span class='ocrx_word' id='word_1_345' title='bbox 874 1328 949 1368; x_wconf 85' lang='lat' dir='ltr'>qua</span> <span class='ocrx_word' id='word_1_346' title='bbox 970 1317 1267 1369; x_wconf 84' lang='lat' dir='ltr'>exprobratione</span> <span class='ocrx_word' id='word_1_347' title='bbox 1292 1318 1448 1362; x_wconf 66' lang='lat' dir='ltr'>dietum.</span> 
     </span>
    </p>
   </div>
   <div class='ocr_carea' id='block_1_12' title="bbox 929 1387 1436 1446">
    <p class='ocr_par' dir='ltr' id='par_1_14' title="bbox 929 1387 1436 1446">
     <span class='ocr_line' id='line_1_67' title="bbox 929 1387 1436 1446; baseline 0.012 -20"><span class='ocrx_word' id='word_1_348' title='bbox 929 1387 1036 1427; x_wconf 72' lang='lat' dir='ltr'>Mlhi</span> <span class='ocrx_word' id='word_1_349' title='bbox 1075 1391 1235 1442; x_wconf 59' lang='lat' dir='ltr'>sxpelgfa</span> <span class='ocrx_word' id='word_1_350' title='bbox 1263 1388 1436 1446; x_wconf 74' lang='lat' dir='ltr'>tult&#39;ffis]</span> 
     </span>
    </p>
   </div>
   <div class='ocr_carea' id='block_1_13' title="bbox 873 1444 1156 1484">
    <p class='ocr_par' dir='ltr' id='par_1_15' title="bbox 873 1444 1156 1484">
     <span class='ocr_line' id='line_1_68' title="bbox 873 1444 1156 1484; baseline 0.011 -3"><span class='ocrx_word' id='word_1_351' title='bbox 873 1444 1156 1484; x_wconf 64' lang='lat' dir='ltr'>commodass&#39;es.</span> 
     </span>
    </p>
   </div>
   <div class='ocr_carea' id='block_1_14' title="bbox 862 1514 1617 2823">
    <p class='ocr_par' dir='ltr' id='par_1_16' title="bbox 862 1514 1617 2823">
     <span class='ocr_line' id='line_1_69' title="bbox 928 1514 1617 1572; baseline 0.009 -19"><span class='ocrx_word' id='word_1_352' title='bbox 928 1514 1240 1568; x_wconf 61' lang='lat' dir='ltr'>Aestimationem</span> <span class='ocrx_word' id='word_1_353' title='bbox 1259 1518 1448 1572; x_wconf 81' lang='lat' dir='ltr'>accipere]</span> <span class='ocrx_word' id='word_1_354' title='bbox 1478 1518 1617 1559; x_wconf 80' lang='lat' dir='ltr'>Posses·</span> 
     </span>
     <span class='ocr_line' id='line_1_70' title="bbox 870 1571 1614 1631; baseline 0.011 -22"><span class='ocrx_word' id='word_1_355' title='bbox 870 1571 1012 1610; x_wconf 85' lang='lat' dir='ltr'>fionem</span> <span class='ocrx_word' id='word_1_356' title='bbox 1051 1574 1281 1612; x_wconf 84' lang='lat' dir='ltr'>aestimatam</span> <span class='ocrx_word' id='word_1_357' title='bbox 1326 1578 1496 1629; x_wconf 88' lang='lat' dir='ltr'>accipere</span> <span class='ocrx_word' id='word_1_358' title='bbox 1542 1591 1614 1631; x_wconf 87' lang='lat' dir='ltr'>pro</span> 
     </span>
     <span class='ocr_line' id='line_1_71' title="bbox 870 1631 1617 1681; baseline 0.009 -15"><span class='ocrx_word' id='word_1_359' title='bbox 870 1631 1030 1681; x_wconf 86' lang='lat' dir='ltr'>pecunia</span> <span class='ocrx_word' id='word_1_360' title='bbox 1053 1631 1148 1670; x_wconf 87' lang='lat' dir='ltr'>mihi</span> <span class='ocrx_word' id='word_1_361' title='bbox 1169 1632 1421 1672; x_wconf 87' lang='lat' dir='ltr'>commodata.</span> <span class='ocrx_word' id='word_1_362' title='bbox 1470 1636 1542 1672; x_wconf 89' lang='lat' dir='ltr'>Hic</span> <span class='ocrx_word' id='word_1_363' title='bbox 1561 1633 1617 1674; x_wconf 86' lang='lat' dir='ltr'>lo-</span> 
     </span>
     <span class='ocr_line' id='line_1_72' title="bbox 872 1679 1616 1743; baseline 0.012 -21"><span class='ocrx_word' id='word_1_364' title='bbox 872 1699 936 1723; x_wconf 88' lang='lat' dir='ltr'>cus</span> <span class='ocrx_word' id='word_1_365' title='bbox 957 1686 1110 1727; x_wconf 89' lang='lat' dir='ltr'>videtur</span> <span class='ocrx_word' id='word_1_366' title='bbox 1130 1687 1311 1737; x_wconf 85' lang='lat' dir='ltr'>indicare,</span> <span class='ocrx_word' id='word_1_367' title='bbox 1328 1679 1616 1743; x_wconf 66' lang='lat' dir='ltr'>scriptam⁵hanc</span> 
     </span>
     <span class='ocr_line' id='line_1_73' title="bbox 871 1742 1614 1794; baseline 0.009 -14"><span class='ocrx_word' id='word_1_368' title='bbox 871 1742 1068 1794; x_wconf 82' lang='lat' dir='ltr'>epistolam</span> <span class='ocrx_word' id='word_1_369' title='bbox 1090 1744 1247 1784; x_wconf 70' lang='lat' dir='ltr'>Caesare</span> <span class='ocrx_word' id='word_1_370' title='bbox 1263 1748 1403 1785; x_wconf 88' lang='lat' dir='ltr'>iterum</span> <span class='ocrx_word' id='word_1_371' title='bbox 1434 1758 1470 1787; x_wconf 91' lang='lat' dir='ltr'>et</span> <span class='ocrx_word' id='word_1_372' title='bbox 1490 1749 1614 1788; x_wconf 87' lang='lat' dir='ltr'>Serui-</span> 
     </span>
     <span class='ocr_line' id='line_1_74' title="bbox 870 1797 1614 1855; baseline 0.012 -19"><span class='ocrx_word' id='word_1_373' title='bbox 870 1797 925 1837; x_wconf 85' lang='lat' dir='ltr'>lio</span> <span class='ocrx_word' id='word_1_374' title='bbox 946 1801 1086 1839; x_wconf 88' lang='lat' dir='ltr'>iterum</span> <span class='ocrx_word' id='word_1_375' title='bbox 1105 1801 1189 1843; x_wconf 83' lang='lat' dir='ltr'>coss&#39;.</span> <span class='ocrx_word' id='word_1_376' title='bbox 1223 1805 1307 1855; x_wconf 78' lang='lat' dir='ltr'>post</span> <span class='ocrx_word' id='word_1_377' title='bbox 1339 1803 1452 1844; x_wconf 86' lang='lat' dir='ltr'>latam</span> <span class='ocrx_word' id='word_1_378' title='bbox 1481 1820 1501 1844; x_wconf 91' lang='lat' dir='ltr'>a</span> <span class='ocrx_word' id='word_1_379' title='bbox 1522 1809 1614 1845; x_wconf 77' lang='lat' dir='ltr'>cae-</span> 
     </span>
     <span class='ocr_line' id='line_1_75' title="bbox 869 1855 1615 1915; baseline 0.011 -21"><span class='ocrx_word' id='word_1_380' title='bbox 869 1855 950 1894; x_wconf 86' lang='lat' dir='ltr'>sare</span> <span class='ocrx_word' id='word_1_381' title='bbox 969 1855 1090 1907; x_wconf 83' lang='lat' dir='ltr'>legem</span> <span class='ocrx_word' id='word_1_382' title='bbox 1109 1858 1156 1897; x_wconf 85' lang='lat' dir='ltr'>de</span> <span class='ocrx_word' id='word_1_383' title='bbox 1176 1861 1413 1900; x_wconf 81' lang='lat' dir='ltr'>aestimandis</span> <span class='ocrx_word' id='word_1_384' title='bbox 1425 1862 1615 1915; x_wconf 78' lang='lat' dir='ltr'>poss&#39;essio-</span> 
     </span>
     <span class='ocr_line' id='line_1_76' title="bbox 867 1913 1614 1970; baseline 0.009 -19"><span class='ocrx_word' id='word_1_385' title='bbox 867 1913 994 1960; x_wconf 83' lang='lat' dir='ltr'>nibus,</span> <span class='ocrx_word' id='word_1_386' title='bbox 1021 1917 1154 1967; x_wconf 77' lang='lat' dir='ltr'>quanti</span> <span class='ocrx_word' id='word_1_387' title='bbox 1186 1930 1362 1970; x_wconf 85' lang='lat' dir='ltr'>quaeque</span> <span class='ocrx_word' id='word_1_388' title='bbox 1385 1929 1471 1958; x_wconf 87' lang='lat' dir='ltr'>ante</span> <span class='ocrx_word' id='word_1_389' title='bbox 1501 1918 1614 1959; x_wconf 88' lang='lat' dir='ltr'>ciuile</span> 
     </span>
     <span class='ocr_line' id='line_1_77' title="bbox 866 1968 1611 2018; baseline 0.009 -10"><span class='ocrx_word' id='word_1_390' title='bbox 866 1968 1012 2009; x_wconf 81' lang='lat' dir='ltr'>bellum</span> <span class='ocrx_word' id='word_1_391' title='bbox 1059 1971 1233 2018; x_wconf 83' lang='lat' dir='ltr'>fuiss&#39;ent;</span> <span class='ocrx_word' id='word_1_392' title='bbox 1283 1985 1324 2013; x_wconf 83' lang='lat' dir='ltr'>vt</span> <span class='ocrx_word' id='word_1_393' title='bbox 1373 1976 1611 2015; x_wconf 71' lang='lat' dir='ltr'>debitoribus</span> 
     </span>
     <span class='ocr_line' id='line_1_78' title="bbox 867 2026 1610 2086; baseline 0.009 -21"><span class='ocrx_word' id='word_1_394' title='bbox 867 2026 1152 2074; x_wconf 41' lang='lat' dir='ltr'>consuleretu&#39;r3</span> <span class='ocrx_word' id='word_1_395' title='bbox 1179 2044 1346 2083; x_wconf 86' lang='lat' dir='ltr'>quorum</span> <span class='ocrx_word' id='word_1_396' title='bbox 1379 2044 1458 2072; x_wconf 79' lang='lat' dir='ltr'>erat</span> <span class='ocrx_word' id='word_1_397' title='bbox 1478 2036 1610 2086; x_wconf 88' lang='lat' dir='ltr'>iniqua</span> 
     </span>
     <span class='ocr_line' id='line_1_79' title="bbox 867 2084 1612 2142; baseline 0.009 -20"><span class='ocrx_word' id='word_1_398' title='bbox 867 2084 1061 2133; x_wconf 64' lang='lat' dir='ltr'>conkfflio,</span> <span class='ocrx_word' id='word_1_399' title='bbox 1107 2088 1318 2126; x_wconf 81' lang='lat' dir='ltr'>iacentibus</span> <span class='ocrx_word' id='word_1_400' title='bbox 1365 2090 1612 2142; x_wconf 61' lang='lat' dir='ltr'>praediorum</span> 
     </span>
     <span class='ocr_line' id='line_1_80' title="bbox 866 2143 1610 2195; baseline 0.011 -16"><span class='ocrx_word' id='word_1_401' title='bbox 866 2143 1021 2195; x_wconf 87' lang='lat' dir='ltr'>pretiis:</span> <span class='ocrx_word' id='word_1_402' title='bbox 1061 2144 1166 2195; x_wconf 68' lang='lat' dir='ltr'>quod</span> <span class='ocrx_word' id='word_1_403' title='bbox 1195 2144 1276 2183; x_wconf 84' lang='lat' dir='ltr'>fere</span> <span class='ocrx_word' id='word_1_404' title='bbox 1309 2144 1403 2185; x_wconf 86' lang='lat' dir='ltr'>solet</span> <span class='ocrx_word' id='word_1_405' title='bbox 1428 2151 1469 2185; x_wconf 89' lang='lat' dir='ltr'>in</span> <span class='ocrx_word' id='word_1_406' title='bbox 1502 2146 1610 2187; x_wconf 79' lang='lat' dir='ltr'>bellis</span> 
     </span>
     <span class='ocr_line' id='line_1_81' title="bbox 866 2200 1614 2257; baseline 0.009 -20"><span class='ocrx_word' id='word_1_407' title='bbox 866 2202 1034 2238; x_wconf 88' lang='lat' dir='ltr'>euenire.</span> <span class='ocrx_word' id='word_1_408' title='bbox 1073 2200 1297 2240; x_wconf 82' lang='lat' dir='ltr'>dicebantur</span> <span class='ocrx_word' id='word_1_409' title='bbox 1328 2215 1453 2242; x_wconf 86' lang='lat' dir='ltr'>autem</span> <span class='ocrx_word' id='word_1_410' title='bbox 1473 2204 1614 2257; x_wconf 67' lang='lat' dir='ltr'>pofl&#39;es»</span> 
     </span>
     <span class='ocr_line' id='line_1_82' title="bbox 866 2255 1609 2314; baseline 0.009 -20"><span class='ocrx_word' id='word_1_411' title='bbox 866 2257 986 2294; x_wconf 84' lang='lat' dir='ltr'>siones</span> <span class='ocrx_word' id='word_1_412' title='bbox 1008 2255 1109 2303; x_wconf 81' lang='lat' dir='ltr'>illae,</span> <span class='ocrx_word' id='word_1_413' title='bbox 1131 2258 1418 2311; x_wconf 56' lang='lat' dir='ltr'>aestimationes,</span> <span class='ocrx_word' id='word_1_414' title='bbox 1433 2271 1473 2300; x_wconf 86' lang='lat' dir='ltr'>vt</span> <span class='ocrx_word' id='word_1_415' title='bbox 1492 2260 1557 2301; x_wconf 85' lang='lat' dir='ltr'>lib.</span> <span class='ocrx_word' id='word_1_416' title='bbox 1570 2274 1609 2314; x_wconf 94' lang='lat'>9.</span> 
     </span>
     <span class='ocr_line' id='line_1_83' title="bbox 865 2314 1611 2366; baseline 0.011 -15"><span class='ocrx_word' id='word_1_417' title='bbox 865 2315 969 2366; x_wconf 81' lang='lat' dir='ltr'>epist.</span> <span class='ocrx_word' id='word_1_418' title='bbox 986 2316 1049 2355; x_wconf 91' lang='lat'>16.</span> <span class='ocrx_word' id='word_1_419' title='bbox 1075 2326 1111 2352; x_wconf 89' lang='lat' dir='ltr'>et</span> <span class='ocrx_word' id='word_1_420' title='bbox 1139 2320 1195 2361; x_wconf 74' lang='lat'>18.</span> <span class='ocrx_word' id='word_1_421' title='bbox 1225 2314 1357 2364; x_wconf 71' lang='lat' dir='ltr'>Rufus,</span> <span class='ocrx_word' id='word_1_422' title='bbox 1379 2319 1611 2359; x_wconf 86' lang='lat' dir='ltr'>cumCaesar</span> 
     </span>
     <span class='ocr_line' id='line_1_84' title="bbox 865 2368 1609 2428; baseline 0.012 -21"><span class='ocrx_word' id='word_1_423' title='bbox 865 2368 1100 2408; x_wconf 83' lang='lat' dir='ltr'>consulatum</span> <span class='ocrx_word' id='word_1_424' title='bbox 1134 2371 1359 2419; x_wconf 83' lang='lat' dir='ltr'>secundum,</span> <span class='ocrx_word' id='word_1_425' title='bbox 1389 2376 1430 2413; x_wconf 89' lang='lat' dir='ltr'>in</span> <span class='ocrx_word' id='word_1_426' title='bbox 1455 2389 1532 2428; x_wconf 90' lang='lat' dir='ltr'>quo</span> <span class='ocrx_word' id='word_1_427' title='bbox 1559 2375 1609 2415; x_wconf 84' lang='lat' dir='ltr'>le-</span> 
     </span>
     <span class='ocr_line' id='line_1_85' title="bbox 863 2426 1610 2484; baseline 0.011 -20"><span class='ocrx_word' id='word_1_428' title='bbox 863 2440 948 2476; x_wconf 84' lang='lat' dir='ltr'>gem</span> <span class='ocrx_word' id='word_1_429' title='bbox 972 2426 1076 2465; x_wconf 80' lang='lat' dir='ltr'>iilam</span> <span class='ocrx_word' id='word_1_430' title='bbox 1109 2428 1208 2475; x_wconf 77' lang='lat' dir='ltr'>tulit,</span> <span class='ocrx_word' id='word_1_431' title='bbox 1238 2431 1369 2470; x_wconf 89' lang='lat' dir='ltr'>inierit</span> <span class='ocrx_word' id='word_1_432' title='bbox 1403 2435 1487 2484; x_wconf 88' lang='lat' dir='ltr'>post</span> <span class='ocrx_word' id='word_1_433' title='bbox 1513 2431 1610 2472; x_wconf 90' lang='lat' dir='ltr'>illud</span> 
     </span>
     <span class='ocr_line' id='line_1_86' title="bbox 865 2487 1608 2543; baseline 0.008 -20"><span class='ocrx_word' id='word_1_434' title='bbox 865 2494 1028 2537; x_wconf 87' lang='lat' dir='ltr'>tempus,</span> <span class='ocrx_word' id='word_1_435' title='bbox 1048 2498 1126 2537; x_wconf 91' lang='lat' dir='ltr'>quo</span> <span class='ocrx_word' id='word_1_436' title='bbox 1150 2487 1286 2525; x_wconf 79' lang='lat' dir='ltr'>Cicero</span> <span class='ocrx_word' id='word_1_437' title='bbox 1316 2487 1362 2526; x_wconf 90' lang='lat' dir='ltr'>ad</span> <span class='ocrx_word' id='word_1_438' title='bbox 1383 2490 1608 2543; x_wconf 86' lang='lat' dir='ltr'>Pompeium</span> 
     </span>
     <span class='ocr_line' id='line_1_87' title="bbox 864 2543 1608 2596; baseline 0.009 -17"><span class='ocrx_word' id='word_1_439' title='bbox 864 2543 906 2579; x_wconf 90' lang='lat' dir='ltr'>in</span> <span class='ocrx_word' id='word_1_440' title='bbox 926 2543 1122 2581; x_wconf 80' lang='lat' dir='ltr'>Graeciam</span> <span class='ocrx_word' id='word_1_441' title='bbox 1144 2546 1316 2588; x_wconf 87' lang='lat' dir='ltr'>transiit;</span> <span class='ocrx_word' id='word_1_442' title='bbox 1360 2546 1487 2596; x_wconf 86' lang='lat' dir='ltr'>(nam,</span> <span class='ocrx_word' id='word_1_443' title='bbox 1517 2549 1608 2586; x_wconf 87' lang='lat' dir='ltr'>Cae-</span> 
     </span>
     <span class='ocr_line' id='line_1_88' title="bbox 867 2596 1607 2658; baseline 0.011 -22"><span class='ocrx_word' id='word_1_444' title='bbox 867 2596 948 2637; x_wconf 88' lang='lat' dir='ltr'>sare</span> <span class='ocrx_word' id='word_1_445' title='bbox 981 2600 1022 2636; x_wconf 84' lang='lat' dir='ltr'>in</span> <span class='ocrx_word' id='word_1_446' title='bbox 1051 2598 1243 2652; x_wconf 83' lang='lat' dir='ltr'>Hispaniis</span> <span class='ocrx_word' id='word_1_447' title='bbox 1271 2612 1403 2641; x_wconf 88' lang='lat' dir='ltr'>contra</span> <span class='ocrx_word' id='word_1_448' title='bbox 1433 2606 1607 2658; x_wconf 88' lang='lat' dir='ltr'>Pompeii</span> 
     </span>
     <span class='ocr_line' id='line_1_89' title="bbox 863 2653 1604 2707; baseline 0.011 -14"><span class='ocrx_word' id='word_1_449' title='bbox 863 2653 1007 2704; x_wconf 82' lang='lat' dir='ltr'>legatos</span> <span class='ocrx_word' id='word_1_450' title='bbox 1052 2654 1196 2696; x_wconf 84' lang='lat' dir='ltr'>bellum</span> <span class='ocrx_word' id='word_1_451' title='bbox 1241 2670 1417 2707; x_wconf 76' lang='lat' dir='ltr'>gerente,</span> <span class='ocrx_word' id='word_1_452' title='bbox 1468 2663 1604 2701; x_wconf 89' lang='lat' dir='ltr'>Cicero</span> 
     </span>
     <span class='ocr_line' id='line_1_90' title="bbox 863 2711 1602 2765; baseline 0.009 -15"><span class='ocrx_word' id='word_1_453' title='bbox 863 2714 1036 2756; x_wconf 82' lang='lat' dir='ltr'>transiit3</span> <span class='ocrx_word' id='word_1_454' title='bbox 1086 2723 1127 2753; x_wconf 90' lang='lat' dir='ltr'>vt</span> <span class='ocrx_word' id='word_1_455' title='bbox 1160 2728 1204 2752; x_wconf 84' lang='lat' dir='ltr'>ex</span> <span class='ocrx_word' id='word_1_456' title='bbox 1233 2711 1299 2765; x_wconf 80' lang='lat' dir='ltr'>lib.</span> <span class='ocrx_word' id='word_1_457' title='bbox 1320 2726 1384 2756; x_wconf 90' lang='lat'>10.</span> <span class='ocrx_word' id='word_1_458' title='bbox 1410 2717 1457 2755; x_wconf 86' lang='lat' dir='ltr'>ad</span> <span class='ocrx_word' id='word_1_459' title='bbox 1493 2720 1602 2757; x_wconf 87' lang='lat' dir='ltr'>Attic.</span> 
     </span>
     <span class='ocr_line' id='line_1_91' title="bbox 862 2768 1605 2823; baseline 0.009 -16"><span class='ocrx_word' id='word_1_460' title='bbox 862 2771 967 2823; x_wconf 86' lang='lat' dir='ltr'>epist.</span> <span class='ocrx_word' id='word_1_461' title='bbox 999 2768 1066 2808; x_wconf 85' lang='lat' dir='ltr'>vlt.</span> <span class='ocrx_word' id='word_1_462' title='bbox 1096 2769 1347 2820; x_wconf 81' lang='lat' dir='ltr'>intelligitur)</span> <span class='ocrx_word' id='word_1_463' title='bbox 1375 2773 1512 2813; x_wconf 88' lang='lat' dir='ltr'>Cicero</span> <span class='ocrx_word' id='word_1_464' title='bbox 1541 2789 1605 2814; x_wconf 85' lang='lat' dir='ltr'>au-</span> 
     </span>
    </p>
   </div>
   <div class='ocr_carea' id='block_1_15' title="bbox 860 2826 1604 2928">
    <p class='ocr_par' dir='ltr' id='par_1_17' title="bbox 860 2826 1604 2928">
     <span class='ocr_line' id='line_1_92' title="bbox 860 2826 1604 2927; baseline 0.005 -61"><span class='ocrx_word' id='word_1_465' title='bbox 860 2836 938 2866; x_wconf 88' lang='lat' dir='ltr'>tem</span> <span class='ocrx_word' id='word_1_466' title='bbox 961 2827 1058 2866; x_wconf 77' lang='lat' dir='ltr'>hanc</span> <span class='ocrx_word' id='word_1_467' title='bbox 1083 2826 1133 2867; x_wconf 85' lang='lat' dir='ltr'>ad</span> <span class='ocrx_word' id='word_1_468' title='bbox 1166 2828 1308 2869; x_wconf 76' lang='lat' dir='ltr'>Rufum</span> <span class='ocrx_word' id='word_1_469' title='bbox 1336 2830 1533 2927; x_wconf 64' lang='lat' dir='ltr'>epistolapi</span> <span class='ocrx_word' id='word_1_470' title='bbox 1553 2834 1604 2927; x_wconf 54' lang='lat' dir='ltr'>lin</span> 
     </span>
     <span class='ocr_line' id='line_1_93' title="bbox 1515 2898 1602 2928; baseline 0.011 -1"><span class='ocrx_word' id='word_1_471' title='bbox 1515 2898 1548 2927; x_wconf 86' lang='lat' dir='ltr'>ta</span> <span class='ocrx_word' id='word_1_472' title='bbox 1579 2902 1602 2928; x_wconf 76' lang='lat' dir='ltr'>a</span> 
     </span>
    </p>
   </div>
   <div class='ocr_carea' id='block_1_16' title="bbox 1519 1393 1618 1434">
    <p class='ocr_par' dir='ltr' id='par_1_18' title="bbox 1519 1393 1618 1434">
     <span class='ocr_line' id='line_1_94' title="bbox 1519 1393 1618 1434; baseline -0.02 0"><span class='ocrx_word' id='word_1_473' title='bbox 1519 1393 1618 1434; x_wconf 90' lang='lat' dir='ltr'>Mihi</span> 
     </span>
    </p>
   </div>
  </div>
 </body>
</html>
