1863 3172
205 111 288 144 220

203 217 300 258 latus
322 215 384 261 est,
403 221 439 250 et
470 206 682 259 Pindenisso
713 217 833 260 capto.
863 206 938 247 fuit

202 283 330 313 autem
364 266 572 309 Laodiceae
606 279 626 302 a
653 276 722 302 111.
751 264 802 302 id.
828 265 938 302 Febr.

203 342 323 382 vsque
345 325 392 364 ad
416 337 505 362 non.
535 323 650 360 Maii:
686 319 791 372 quod
817 319 881 360 lib.
901 324 939 363 6.

203 387 250 427 ad
271 385 382 425 Attic.
401 381 502 433 epist.
519 391 557 420 2.
571 376 741 416 ostendit.

255 467 388 524 Legati
417 463 614 517 Appiani]
640 465 768 510 oQos
808 476 942 501 monu-

202 537 375 567 mentum
415 522 602 560 exstruere
641 519 687 557 ad
717 520 831 572 Appii
864 517 941 557 lau-

203 583 289 622 dem
312 580 503 632 cupientes
537 578 672 614 Cicero
703 575 938 628 impedierat.

201 640 305 693 epist.
318 649 356 690 9.
395 635 587 687 Appianos
605 631 838 685 populoslin
852 646 940 670 con·

200 706 317 736 ventu
340 690 535 737 synadensi
546 687 686 727 Plinius
706 687 771 727 lib.
783 700 822 740 9.
833 702 860 726 c.
873 697 940 739 29.

199 753 388 793 nominat,
445 745 521 786 Alii
548 745 632 784 sunt
656 756 784 783 autem
812 742 939 797 legati,

200 809 247 849 de
273 807 410 860 quibus
433 804 537 856 epist.
564 808 599 850 8.
620 800 706 839 illos
728 802 830 840 enim
849 814 939 854 que-

199 868 299 907 ritur
336 861 479 915 Appius
517 859 733 911 prohibitos
773 855 845 896 effe
879 858 938 896 ire

195 924 359 962 Romam
387 916 434 955 ad
456 915 491 954 se
520 914 771 960 laudandum,
797 912 939 953 horum

198 988 325 1019 autem
344 973 647 1014 aedificationem
674 969 910 1024 impeditam.

261 1057 461 1110 Volumen]
486 1058 648 1096 Litteras
683 1055 859 1094 volumen
879 1067 943 1106 ap-

200 1118 330 1177 pellat,
349 1129 428 1155 non
453 1112 557 1166 quod
578 1110 774 1151 inuolmae
796 1109 942 1149 claude-

195 1186 342 1220 rentur,
364 1170 614 1226 (plicabantur
629 1170 730 1207 enim
749 1166 941 1220 epistolae,

194 1231 495 1274 inuoluebantur
505 1237 630 1265 autem
642 1223 747 1272 libri)
761 1223 821 1262 sed
835 1223 940 1276 quod

196 1303 327 1331 earum
350 1283 557 1333 longitudo
581 1282 744 1336 speciem
775 1278 939 1319 volumi-

193 1351 254 1388 nis
289 1343 463 1385 efficeret.
507 1342 637 1392 itaque
665 1336 843 1383 subiecit,
873 1344 940 1384 (vt

196 1417 291 1445 vnas
311 1400 451 1440 litteras
472 1396 729 1443 hievolumen
755 1391 938 1446 appellari

196 1460 353 1510 constet)
372 1454 504 1496 eadem
521 1451 675 1507 epistola
695 1450 871 1503 petebas.-
892 1451 938 1489 fic

193 1519 261 1559 lib.
287 1528 350 1557 12.
379 1513 480 1567 epist.
506 1521 569 1562 30.
597 1521 670 1547 non
695 1517 734 1546 te
761 1507 936 1561 epistolis,

185 1574 261 1629 scd
294 1566 547 1612 voluminibus
577 1561 811 1617 laceffi’rem,
848 1577 935 1615 pro,

192 1637 247 1672 ita
267 1629 403 1677 longis,
428 1633 468 1663 vt
489 1620 729 1661 voluminum
751 1621 866 1658 instar
883 1619 934 1659 es-

195 1689 286 1728 sent.
345 1682 449 1723 Alibi
476 1692 571 1719 vero
600 1676 842 1730 epistolarum
871 1691 934 1717 vo-

193 1744 341 1787 lumina
378 1739 563 1782 nominat,
599 1736 690 1789 quia
728 1731 932 1786 descriptae

144 1845 153 1846 ἶ
192 1799 347 1846 multae,
378 1798 475 1835 circa
502 1791 647 1842 lignum
676 1788 791 1829 effent
823 1791 935 1830 inuo-

191 1859 305 1898 lutae.
337 1854 403 1894 lib.
425 1866 463 1906 9.
514 1849 561 1889 ad
589 1848 700 1888 Attic.
742 1847 844 1899 epist.
872 1859 931 1889 10.

191 1914 333 1957 Euolui
360 1911 534 1950 volumen
570 1904 811 1959 epistolarum
845 1913 932 1942 tua·

189 1986 289 2014 rum.
347 1966 404 2006 Ad
429 1965 624 2004 Tironem
653 1959 797 2002 lib.16.
825 1961 928 2013 epist.

193 2041 257 2082 17.
298 2025 403 2065 Tuas
429 2020 602 2076 epf'stolas
635 2020 695 2057 vis
719 2016 863 2068 referri
889 2018 930 2056 in

189 2084 397 2125 volumina.
482 2081 526 2116 Et
552 2072 789 2115 Tusculanas
816 2086 928 2125 quae-

190 2144 328 2182 stiones
350 2136 545 2177 volumina
564 2129 749 2186 appellat:
784 2128 927 2168 Plinius

191 2209 345 2249 quoque
369 2192 452 2232 suos
472 2188 654 2229 naturalis
675 2187 852 2226 historiae
882 2184 926 2224 li-

190 2256 295 2301 bros,
323 2251 540 2290 volumina.-
579 2244 742 2285 Ouidius
769 2242 926 2295 quinde-

190 2313 263 2350 cim
311 2306 427 2347 libros
455 2298 827 2357 Metamorphoseoe‚
863 2311 927 2339 ter

189 2369 355 2424 quinque
383 2361 590 2402 volumina.
654 2356 856 2415 thbilicos
879 2354 924 2394 li-

188 2437 261 2474 gna
277 2420 355 2466 illa,
382 2431 478 2471 quae
497 2415 758 2456 voluminibus
779 2411 926 2453 absolu·

188 2483 237 2520 tis
266 2477 518 2520 adderentur,
551 2472 639 2511 ideo
677 2471 789 2516 dieta,
817 2468 924 2523 quod

188 2533 360 2575 vmbilici
397 2531 513 2568 nostri
540 2528 703 2568 formam
731 2528 923 2566 imitaren-

187 2603 274 2639 tur,
303 2587 515 2640 porphyrio
554 2584 732 2638 scriptum
757 2582 924 2636 reliquit.

187 2648 278 2688 inde
324 2654 468 2689 natum,
515 2646 568 2681 act
608 2640 828 2680 ombilicum
857 2637 925 2677 ad-

186 2705 336 2748 ducere,
369 2712 439 2753 pro
464 2696 693 2750 [absoluerez
723 2695 825 2748 quod
846 2698 924 2734 Ho-

184 2773 302 2802 ratius
326 2755 442 2811 Epod.
468 2765 531 2807 14.
551 2761 636 2804 'xi-8.
665 2752 711 2792 de
734 2752 807 2792 suis
830 2753 922 2791 iam-

419 72 644 140 PffAvLm
681 95 968 136 MANvTu
1003 95 1518 137 COMMENTAmvs

991 209 1051 248 bis
1069 206 1184 245 dixit:
1198 200 1400 300 peruenire
1424 207 1481 250 ad
1503 202 1741 256 umbilicum,

1216 278 1227 301 1

995 261 1180 303 Martialis
1229 265 1266 302 b.
1277 278 1316 318 4.
1334 268 1449 318 epigr.
1465 276 1530 318 91.
1550 279 1585 303 v.
1597 275 1634 304 2.
1651 267 1733 303 Hu-

997 318 1165 359 iusmodi
1184 330 1310 359 autem
1331 321 1529 361 vmbilicos
1552 335 1631 359 non
1652 334 1731 359 mo-

1000 376 1050 415 do
1087 374 1246 425 ligneos,
1284 390 1418 416 verum
1449 380 1562 417 etiam
1595 376 1733 424 osseos,

998 444 1208 471 corneosue
1237 435 1453 472 ornamenti
1479 435 1597 482 gratia
1616 435 1734 472 inter·

997 490 1087 529 dum
1109 487 1231 537 fuiss'e,
1250 488 1349 528 idem
1371 491 1581 542 Porphyrio
1599 491 1734 529 aue'tot

997 548 1066 585 est:
1098 547 1202 599 pingi
1222 547 1337 584 etiam
1361 545 1506 594 solitos,
1533 544 1733 585 Martialis.

994 605 1191 642 Extremae
1221 612 1358 654 partes,
1391 601 1509 655 quod,
1531 612 1634 641 extra
1666 608 1735 642 vo·

996 658 1125 698 lumen
1145 660 1366 706 eminentes,
1394 672 1582 698 cornuum
1609 657 1733 698 simili-

996 716 1166 755 tudinem
1187 729 1276 768 prae
1298 715 1334 754 se
1349 714 1507 762 ferrent,
1517 729 1658 755 cornua
1667 720 1733 754 vo-

995 773 1197 811 cabantur:
1223 774 1360 825 quibus
1380 769 1734 817 ornamentum‚ali·

995 828 1101 882 quod
1132 827 1220 866 addi
1250 828 1421 876 solitum,
1450 828 1612 867 ostendit
1643 828 1738 865 Oui-

994 886 1102 931 dius,
1135 898 1221 923 cum
1255 884 1398 925 librum
1436 884 1544 924 suum
1580 883 1672 934 eleg.
1696 895 1734 926 1.

993 943 1184 982 Tristium
1202 955 1238 980 v.
1253 948 1288 990 8.
1323 943 1370 980 fic
1386 940 1620 995 alloquitur:

1056 1023 1233 1066 Candida
1249 1041 1316 1066 nec
1335 1027 1450 1084 nigra
1470 1030 1614 1067 cornua
1623 1023 1734 1077 fron-

1167 1092 1206 1122 te
1229 1096 1354 1135 geras.

996 1169 1079 1207 Nec
1115 1180 1222 1216 geras
1250 1166 1408 1207 candida
1442 1181 1607 1214 cornua,
1636 1179 1734 1220 quae

994 1223 1173 1264 fortunae
1186 1223 1270 1264 sunt
1290 1224 1427 1264 indicia
1447 1222 1630 1271 laetioris,
1649 1237 1735 1266 cum

995 1283 1037 1321 sit
1070 1290 1189 1322 atrata
1217 1280 1338 1329 frons,
1359 1281 1509 1334 qualem
1527 1283 1568 1321 in
1587 1279 1734 1319 calami-

994 1347 1071 1378 tate
1088 1339 1213 1377 nostra
1240 1338 1345 1377 decet
1375 1337 1480 1378 effes
1543 1339 1601 1377 Est
1630 1337 1734 1376 enim

985 1395 1103 1448 from
1145 1394 1252 1441 libri,
1305 1397 1471 1435 exterior
1522 1392 1731 1433 voluminis

992 1465 1099 1505 pars:
1121 1451 1276 1503 frontes
1303 1465 1399 1491 vero
1428 1465 1511 1490 cum
1537 1448 1729 1504 appellan-

992 1520 1068 1554 tur,
1099 1509 1287 1554 exterior,
1315 1519 1352 1548 et
1379 1509 1563 1548 interior:
1599 1508 1730 1560 itaque

991 1565 1087 1603 dixit
1105 1563 1206 1603 idem
1228 1579 1264 1603 v.
1279 1574 1297 1604 1
1312 1577 1345 1606 1.

1045 1635 1132 1675 Nec
1150 1634 1298 1691 fragili
1327 1634 1504 1691 geminae
1525 1635 1736 1688 poliantur.

1150 1693 1300 1744 pumice
1320 1691 1488 1746 frontes.

986 1766 1031 1803 Et
1050 1760 1220 1801 Catullus
1245 1775 1357 1801 carm.
1375 1772 1409 1802 1.

1046 1833 1115 1873 Cui
1133 1833 1227 1872 dono
1260 1831 1431 1886 lepidum
1453 1842 1593 1872 nomme
1617 1822 1727 1871 lib'el-
1787 1850 1790 1851 ⁷

1154 1890 1249 1937 lum,

1042 1958 1170 2001 Arida
1187 1958 1295 1999 modo
1318 1958 1467 2011 pumice
1483 1957 1693 2015 expolitum
1703 1956 1725 1996 ?

984 2030 1169 2072 Martialis
1195 2043 1349 2084 quoque
1367 2030 1604 2081 pumicatam
1632 2026 1725 2068 libri

976 2089 1151 2141 frontem
1163 2087 1256 2126 dixit
1266 2086 1331 2126 lib.
1351 2097 1383 2126 ῐ.
1396 2087 1512 2138 epigr.
1526 2087 1592 2137 67.
1604 2098 1640 2122 v.
1657 2096 1722 2125 10.

1039 2143 1371 2196 Aedificatiortenz]
1401 2139 1624 2193 Templum,
1637 2141 1721 2194 opi-

983 2202 1076 2249 nor,
1107 2202 1231 2254 Appio
1271 2201 1417 2248 erigere
1445 2197 1648 2244 volebant,
1677 2206 1720 2235 vt

981 2261 1126 2313 optime
1148 2261 1194 2296 de
1215 2255 1409 2310 republica
1436 2256 1585 2293 merito.

1042 2330 1251 2378 Per-acute]
1278 2332 1280 2334 ’
1334 2326 1555 2376 Excogitasti
1595 2323 1719 2372 enim,

981 2386 1086 2440 quod
1103 2400 1125 2425 a
1145 2399 1205 2424 me
1224 2385 1422 2433 cogitatum
1447 2396 1526 2420 non
1545 2382 1607 2422 est.

1036 2455 1222 2508 Tributa]
1262 2454 1413 2503 Qubus
1434 2454 1561 2506 Appio
1580 2465 1718 2491 monu-

982 2524 1156 2554 mentum
1180 2513 1423 2550 exstruerent.

1037 2579 1274 2636 Recepzffi‘m]
1355 2582 1399 2618 In
1429 2579 1561 2618 Asiam.
1611 2590 1713 2629 nam,

981 2656 1066 2680 cum
1085 2642 1123 2678 in
1149 2639 1387 2692 prouinciam
1406 2634 1605 2679 veniffet,a
1619 2635 1711 2671 Lao-

979 2697 1083 2735 dicea
1104 2698 1142 2734 in
1164 2694 1337 2733 Ciliciam
1353 2691 1544 2746 profeftus
1563 2690 1623 2728 est.
1655 2690 1712 2727 ibi

979 2754 1162 2808 pugnauit
1185 2765 1268 2791 cum
1287 2748 1599 2805 *Amanienfibuffi
1627 2747 1710 2783 Pin-

1592 2800 1710 2840 denis-
