1863 3172
267 71 335 110 IN
367 70 487 111 CIC.
516 70 645 109 EPIS
663 70 718 108 T.
751 69 889 108 FAM.
921 69 1034 110 LIB.
1068 71 1098 110 1.
1130 70 1323 110 EPIST.
1363 72 1410 110 X.

12 188 14 191 ’
69 175 288 230 ‹lc-'Thales
319 182 408 222 inde
429 184 535 230 Bias,
566 182 656 221 inde
684 183 819 221 Socra-

68 255 144 289 tes,
163 239 328 295 aliique,
353 254 449 293 quos
481 239 687 279 celebrauit
715 240 813 277 anti-

68 301 201 354 quitas.
259 297 314 336 Ad
337 299 435 336 hunc
463 311 664 336 numerum
683 309 815 345 aggre-

66 370 154 407 gare
174 352 380 407 poss‘umus,
411 368 455 393 cx
486 356 665 393 Romanis
697 354 813 392 Cato-

65 427 151 453 nem
171 410 279 450 illum
303 411 545 459 Censorium,
575 413 641 465 qui
677 424 760 448 cum
776 419 812 447 et

64 468 203 518 litteris
233 467 321 507 css'et
341 466 554 515 insti-uehis,
579 480 810 520 quamquam

63 540 142 566 non
167 527 326 565 omnino
353 541 436 564 cum
458 525 716 579 superioribus
734 522 810 561 illis

64 582 340 627 conferendum
406 595 565 634 cumque
601 579 810 621 multarum

42 670 45 673 »
63 655 193 681 rerum
213 639 317 678 Vsum
338 641 514 682 haberet3
542 637 718 691 sapientis
742 651 809 676 no-
840 677 843 681 ,

9 694 12 699 ’
62 712 149 737 tuen
173 698 333 739 inuenit.

414 698 501 736 Nec
520 695 648 743 video,
675 709 742 733 cur
761 695 808 733 ab

61 755 131 794 hac
164 753 273 793 laude
295 755 347 792 M.
389 757 624 800 Varronem,
653 753 809 791 Cicero-

62 824 226 864 nemque
243 811 423 857 nostrum,
447 811 513 862 qui
529 823 656 848 rerum
678 808 808 848 lauda-

59 868 197 910 bilium
261 868 366 905 varia
427 868 646 916 cognitione
702 879 808 920 prae-

60 919 257 971 stiterunt,
287 926 476 978 patiamur
496 922 667 981 excludi.¹
706 922 807 964 Mul-

60 985 108 1023 tis
145 984 258 1021 etiam
305 983 419 1020 vnius
462 981 580 1020 modo
612 982 704 1020 artis
734 982 807 1019 exi-

60 1041 135 1080 mia
155 1037 340 1092 quaedam
358 1069 369 1086 ,
393 1049 428 1078 et
454 1036 648 1088 singularis
668 1036 806 1077 intel-li-

55 1099 208 1147 gentia,
237 1097 483 1149 opinionem,
513 1109 555 1133 ac
585 1094 725 1134 famam
755 1094 805 1133 sa·

58 1155 224 1208 pientiae
256 1155 404 1207 peperit
460 1152 563 1205 quod
590 1153 804 1192 Athenaeus

59 1211 106 1250 de
126 1211 270 1250 musicis
305 1210 370 1249 lib.
401 1223 458 1262 14.
488 1209 667 1258 tradidit,
699 1208 803 1248 Plato

58 1269 105 1314 de
133 1270 278 1321 poetis,
329 1270 723 1306 cum-Anacreontem
750 1265 801 1305 sa-

55 1328 222 1380 pientem
244 1323 406 1377 appellent
427 1324 466 1361 in
490 1323 675 1372 Phaedro,
696 1333 733 1362 et
743 1337 803 1372 ge-

58 1385 177 1422 nitam
209 1397 229 1421 a
251 1383 373 1435 poetis
404 1380 645 1433 {apientianb
677 1382 730 1420 ait
761 1383 801 1419 in

56 1439 208 1484 Lyside:
239 1439 285 1478 de
309 1438 583 1478 iurisconsultis
607 1440 743 1477 Cicero
760 1439 798 1476 in

55 1495 158 1536 libro
189 1495 232 1535 dc
267 1496 437 1535 Amicitia
461 1510 489 1535 c.
518 1509 556 1538 2.
612 1498 654 1547 L.
688 1493 800 1534 Acilii

56 1554 245 1607 exemplo,
269 1555 349 1605 qui,
383 1551 484 1605 quod
514 1551 602 1591 esset
631 1551 798 1606 prudens

56 1613 96 1650 in
136 1614 218 1650 iure
247 1608 371 1657 ciuili,
406 1608 549 1663 sapiens
581 1610 798 1648 nominatus

56 1670 127 1707 est:
163 1668 208 1706 de
230 1669 426 1706 ciuitatum
454 1667 667 1706 rectoribus
689 1667 728 1704 in
743 1665 799 1704 su-

54 1727 207 1780 periore
274 1723 430 1776 epistola
478 1724 524 1762 ad
571 1721 798 1762 Lentulum:

58 1783 175 1828 Tota,
199 1783 345 1833 inquit,
369 1777 609 1831 sa'pz'emium
641 1781 798 1827 ciuium,

54 1835 204 1896 ¹qualem
226 1853 282 1877 me
304 1849 341 1877 et
365 1835 429 1890 effi·
447 1849 482 1877 et
507 1839 706 1877 munerari
735 1850 799 1876 vo-

35 1895 100 1946 ‘Io‚
119 1907 157 1935 et
169 1896 376 1945 sententia,
396 1906 435 1933 et
454 1895 647 1941 voluntas,
675 1903 802 1933 muta-

54 1963 98 1992 tu
115 1951 178 2004 effi?
202 1950 324 1992 debet.
400 1950 577 2010 Transeo
608 1950 655 2000 ad
677 1951 800 1989 humi-

52 2002 170 2049 liores
192 2019 301 2048 arteS.
359 2009 648 2054 Marmorariis,
678 2017 716 2046 et
735 2009 799 2046 sta-

55 2068 189 2106 tuariis
224 2080 302 2104 non
333 2064 535 2119 sapientiae
562 2063 714 2104 laudem
732 2065 800 2107 tri-

54 2125 140 2164 buit
163 2122 376 2163 Aristoteles
398 2122 462 2162 lib.
485 2136 521 2175 ς.
554 2121 798 2161 Ethicorum3

54 2195 135 2220 non
173 2178 346 2228 agricolis
368 2179 472 2219 Plato
500 2182 540 2218 in
567 2176 722 2228 dialogo
750 2177 821 2217 de'

56 2237 102 2277 de
123 2237 296 2276 scientia?
335 2252 413 2276 non
441 2236 558 2276 fabris
589 2238 797 2284 Homerus,

54 2297 96 2334 in
119 2309 187 2339 eo,
218 2303 320 2341 σοφὸς
350 2293 451 2343 ’ἔραξε
487 2296 628 2338 τὲκἹων;
659 2295 797 2346 Neque

7 2356 12 2357 ⁷
55 2350 177 2391 solum
200 2366 242 2390 ex
263 2352 335 2390 vn'a
347 2362 439 2399 arte,
468 2349 659 2404 praeclare
671 2350 799 2399 cogni-

56 2419 106 2456 ta,
128 2406 260 2454 multi,
297 2408 358 2447 sed
387 2424 431 2448 ex
454 2423 527 2447 vna
548 2409 674 2454 etiam,
699 2420 798 2459 quae

55 2467 191 2505 mentis
205 2466 370 2517 optimae
385 2466 540 2519 speciem
561 2478 650 2518 prae
671 2462 797 2515 sefer-

56 2534 128 2571 ret,
156 2524 306 2562 nexione
340 2525 382 2564 C.
402 2521 574 2568 Laelius,
606 2519 671 2559 ille
700 2520 798 2559 Afri-

57 2581 140 2620 cani
169 2581 328 2618 minoris
365 2581 529 2618 amicitia
564 2577 708 2624 clarus,
747 2575 799 2615 sa-

56 2639 163 2691 piens
177 2646 212 2675 et
229 2636 377 2675 habitus
399 2639 461 2683 est,
479 2646 515 2674 et
534 2645 718 2688 perpetuo
732 2648 799 2690 v=o-

56 2705 170 2737 catus,
194 2693 296 2746 quod
326 2692 416 2743 legis
446 2693 612 2732 Liciniae
644 2690 690 2729 de
717 2691 799 2740 agri

25 2755 31 2761 '
57 2749 199 2800 modo,
241 2764 289 2789 ne
323 2749 545 2791 seditionem
578 2747 677 2788 inter
697 2749 798 2786 ciues

1548 85 1628 128 137

877 182 1071 228 excitaret,
1107 185 1364 236 patrocinium
1396 184 1624 240 deposuerit.

874 240 972 276 Cum
1004 240 1122 287 igitur
1150 240 1354 294 sapientiae
1387 257 1527 283 nomen
1549 254 1625 284 tam

873 292 949 333 late
971 307 1119 347 pateat3
1149 301 1302 345 merito,
1324 313 1343 337 a
1365 314 1528 353 quorum
1553 304 1625 340 stu-

873 350 944 389 diis
965 354 1128 391 maxima
1160 355 1206 393 ad
1233 370 1364 395 omnes
1395 369 1521 398 manat
1552 361 1623 398 vti·

871 406 980 454 litas,
1007 411 1102 448 iuris
1125 411 1377 463 prudentibus
1411 416 1621 454 communi-

869 476 993 503 catum
1018 465 1183 506 videtur.
1215 471 1265 506 est
1291 473 1391 508 enim
1411 474 1502 510 iuris
1528 474 1619 512 ciui-

869 520 915 560 lis
950 522 1154 576 prudentia
1191 538 1307 573 genus
1339 529 1530 579 quoddam
1570 529 1620 569 sa-

869 581 1049 632 pientiae,
1071 591 1110 619 et
1129 594 1206 633 quo
1227 585 1411 631 ciuitates,
1435 599 1532 637 quae
1553 587 1618 626 sua

867 637 975 684 iura,
1000 647 1038 675 et
1058 640 1160 690 quali
1190 640 1353 679 iustitiae
1375 656 1549 682 normam
1570 646 1618 684 ab

867 695 1037 746 antiquis
1058 693 1205 744 legibus
1227 708 1382 750 petunt.
1410 711 1507 751 quae
1536 700 1617 754 plu-

867 753 987 789 rimae
1023 750 1128 799 sunt,
1159 753 1313 793 consilio
1346 755 1522 808 sapientis
1554 757 1616 797 ad-

865 809 1071 847 ministrari
1102 809 1290 851 dicuntur.
1331 826 1444 865 quam
1475 814 1616 855 doetri-

866 879 953 903 nam
976 864 1075 904 Scala
1100 882 1218 915 meus,
1231 869 1478 918 humanitate,
1491 883 1528 915 et
1540 875 1616 911 vir-

866 933 946 961 tute
993 922 1202 971 excellens,
1252 924 1400 975 lumen,
1434 940 1470 967 et
1502 944 1615 969 orna-

865 988 1036 1018 mentum
1064 983 1235 1021 Patauini
1253 983 1354 1031 fori,
1378 986 1549 1039 quinque
1570 985 1613 1025 li-

864 1038 956 1084 bris,
978 1039 1045 1089 qui
1076 1040 1122 1078 ab
1157 1041 1337 1079 omnibus
1367 1043 1613 1084 iurisconsul-

865 1096 912 1132 tis
933 1096 1069 1133 eximia
1082 1111 1166 1136 cum
1184 1098 1264 1135 eius
1286 1096 1397 1138 laude
1418 1098 1611 1150 leguntur,

864 1150 1077 1191 Vniuersam
1139 1156 1439 1206 comprehendit.
1525 1159 1609 1206 Sed,

862 1210 951 1261 quia
972 1207 1079 1262 saepe
1100 1210 1246 1258 accidit,
1267 1222 1320 1259 vt,
1340 1216 1473 1265 quiea,
1495 1229 1609 1268 quam

862 1267 1113 1318 profitentur,
1134 1269 1227 1306 iuris
1252 1269 1372 1308 ciuilis
1391 1274 1609 1320 cognitione

860 1321 1068 1371 indigeant,
1080 1323 1195 1363 iidem
1210 1325 1376 1375 audacia,
1390 1339 1430 1368 vt
1439 1329 1490 1375 id,
1502 1330 1608 1383 quod

859 1380 1050 1428 ignorant,
1072 1379 1163 1420 scire
1185 1382 1399 1433 videantur,
1421 1387 1607 1439 inprimis

858 1436 1073 1476 abundent:
1132 1450 1359 1492 propterea,
1411 1442 1606 1484 indu&am

858 1492 929 1532 effe
952 1492 1286 1545 consuetudinem,
1312 1509 1354 1538 vt
1382 1500 1421 1537 in
1450 1501 1607 1550 agendis

857 1551 984 1589 cauffis
1009 1551 1163 1591 audacia
1189 1567 1260 1606 pro
1292 1552 1472 1608 sapientia
1495 1556 1606 1599 liceat

856 1609 926 1653 vti,
954 1621 1023 1661 per
1048 1610 1177 1649 iocum
1211 1610 1389 1663 quidem,
1422 1613 1485 1653 sed
1513 1621 1606 1656 vere

857 1674 983 1704 tamen
1006 1666 1142 1706 Cicero
1174 1667 1282 1708 dixit.

911 1735 1100 1788 Lentulo]
1132 1737 1303 1784 Ciliciam
1315 1741 1604 1785 administranti.

855 1793 943 1830 Erat
965 1794 1082 1841 igitur
1102 1793 1163 1832 hic
1186 1795 1359 1837 Valerius
1391 1802 1431 1838 in
1454 1801 1603 1850 Cilicia,

858 1858 895 1887 et
913 1848 986 1888 fuit
1009 1851 1124 1889 etiam
1138 1854 1263 1906 Appio
1285 1857 1523 1908 proconsule,
1542 1862 1604 1899 cui

859 1906 1147 1947 commendatur
1166 1907 1232 1950 lib.
1256 1923 1292 1964 3.
1319 1916 1421 1966 epist.
1440 1928 1472 1956 1.

917 1977 957 2016 V
953 1978 991 2037 bi
1013 1978 1140 2033 aliquo
1161 1995 1316 2022 numero
1329 1983 1413 2037 sir]
1442 1987 1516 2025 Vbi
1536 1986 1604 2027 alii

857 2047 1014 2087 quoque
1042 2035 1138 2074 iuris
1176 2038 1418 2091 prudentiam
1459 2054 1602 2084 tenent.

855 2091 935 2130 istic
950 2093 1049 2130 enim
1075 2091 1175 2132 solus
1197 2095 1338 2135 videris
1358 2100 1604 2139 iurisconsul-
1659 2098 1669 2105 '¹

855 2158 927 2187 tus.
982 2148 1052 2187 Sed
1064 2149 1126 2189 hic
1149 2153 1260 2191 etiam
1283 2156 1420 2195 Cicero
1439 2158 1602 2198 iocatur:

855 2205 1036 2253 fignificat
1067 2208 1173 2254 enim,
1200 2208 1394 2250 Valerium
1425 2206 1472 2253 de
1491 2215 1603 2254 indu-

855 2263 942 2300 stria
965 2260 1001 2300 se
1028 2264 1068 2301 in
1100 2262 1276 2305 Ciliciam
1306 2269 1527 2319 contulisse,
1558 2283 1602 2312 vt

855 2317 954 2357 solus
974 2319 1030 2358 ibi
1051 2319 1179 2373 sapere
1200 2324 1409 2374 videretur,
1439 2342 1524 2368 cum
1542 2331 1601 2368 iu-

855 2375 1101 2416 risconsultus
1122 2379 1178 2418 ibi
1199 2379 1298 2420 solus
1322 2381 1421 2423 effet-

1087 2438 1093 2453 l

913 2461 1065 2515 Partim
1087 2474 1122 2503 te
1132 2464 1341 2518 fitperbum
1363 2466 1430 2521 effe}
1451 2467 1602 2516 dicunt,

854 2514 958 2572 quod
971 2517 1073 2559 nihil
1086 2521 1305 2572 respondeas
1316 2540 1330 2561 .·
1346 2527 1498 2576 partim
1516 2540 1601 2565 con·

855 2574 1103 2624 tinneliofitm,
1119 2577 1221 2629 quod
1235 2581 1335 2619 male
1356 2580 1598 2634 respondeas]

855 2633 966 2669 Iocus
987 2633 1088 2671 estin
1105 2633 1166 2679 his
1189 2637 1316 2674 verbis
1338 2646 1374 2675 et
1394 2638 1596 2685 abstrusus,
1643 2685 1654 2691 .

857 2697 892 2726 et
905 2686 1065 2736 elegam.
1094 2688 1177 2728 vult
1201 2695 1302 2730 enim
1321 2695 1595 2740 innue1·e‚ideo

855 2742 950 2782 nihil
977 2759 1073 2785 eum·
1091 2748 1322 2803 quandoque
1353 2750 1598 2805 respondere,

913 2802 931 2839 Ι
957 2814 980 2854 5
1514 2822 1595 2848 non
