<?xml version="1.0" encoding="UTF-8"?>
<!DOCTYPE html PUBLIC "-//W3C//DTD XHTML 1.0 Transitional//EN"
    "http://www.w3.org/TR/xhtml1/DTD/xhtml1-transitional.dtd">
<html xmlns="http://www.w3.org/1999/xhtml" xml:lang="en" lang="en">
 <head>
  <title>
</title>
<meta http-equiv="Content-Type" content="text/html;charset=utf-8" />
  <meta name='ocr-system' content='tesseract 3.04.00' />
  <meta name='ocr-capabilities' content='ocr_page ocr_carea ocr_par ocr_line ocrx_word'/>
</head>
<body>
  <div class='ocr_page' id='page_1' title='image "./commentariusinmt01manuuoft_0305.png"; bbox 0 0 1863 3172; ppageno 0'>
   <div class='ocr_carea' id='block_1_1' title="bbox 269 87 1425 162">
    <p class='ocr_par' dir='ltr' id='par_1_1' title="bbox 269 87 1425 162">
     <span class='ocr_line' id='line_1_1' title="bbox 269 87 1425 162; baseline 0.002 -3"><span class='ocrx_word' id='word_1_1' title='bbox 269 120 354 162; x_wconf 65' lang='lat' dir='ltr'>sn</span> <span class='ocrx_word' id='word_1_2' title='bbox 379 87 1098 161; x_wconf 66' lang='lat' dir='ltr'>cxc.1÷1›1‘sr.12AM.L1ss.1v.</span> <span class='ocrx_word' id='word_1_3' title='bbox 1138 116 1425 162; x_wconf 55' lang='lat' dir='ltr'>erts‘rsnt.</span> 
     </span>
    </p>
   </div>
   <div class='ocr_carea' id='block_1_2' title="bbox 57 228 836 1035">
    <p class='ocr_par' dir='ltr' id='par_1_2' title="bbox 96 228 836 454">
     <span class='ocr_line' id='line_1_2' title="bbox 101 228 836 284; baseline 0.001 -14"><span class='ocrx_word' id='word_1_4' title='bbox 101 228 328 271; x_wconf 80' lang='lat' dir='ltr'>neceffario3</span> <span class='ocrx_word' id='word_1_5' title='bbox 365 233 468 284; x_wconf 81' lang='lat' dir='ltr'>quia,</span> <span class='ocrx_word' id='word_1_6' title='bbox 487 232 625 284; x_wconf 85' lang='lat' dir='ltr'>quibus</span> <span class='ocrx_word' id='word_1_7' title='bbox 648 234 688 271; x_wconf 86' lang='lat' dir='ltr'>in</span> <span class='ocrx_word' id='word_1_8' title='bbox 707 234 836 272; x_wconf 74' lang='lat' dir='ltr'>castris</span> 
     </span>
     <span class='ocr_line' id='line_1_3' title="bbox 99 287 836 342; baseline 0.003 -16"><span class='ocrx_word' id='word_1_9' title='bbox 99 289 313 341; x_wconf 77' lang='lat' dir='ltr'>PompeiuS,</span> <span class='ocrx_word' id='word_1_10' title='bbox 335 287 518 336; x_wconf 84' lang='lat' dir='ltr'>consules,</span> <span class='ocrx_word' id='word_1_11' title='bbox 534 303 740 342; x_wconf 69' lang='lat' dir='ltr'>omnesque</span> <span class='ocrx_word' id='word_1_12' title='bbox 755 289 836 328; x_wconf 86' lang='lat' dir='ltr'>fere</span> 
     </span>
     <span class='ocr_line' id='line_1_4' title="bbox 98 343 835 394; baseline 0.004 -12"><span class='ocrx_word' id='word_1_13' title='bbox 98 346 330 394; x_wconf 81' lang='lat' dir='ltr'>magistratus</span> <span class='ocrx_word' id='word_1_14' title='bbox 361 343 500 392; x_wconf 83' lang='lat' dir='ltr'>ess&#39;ent,</span> <span class='ocrx_word' id='word_1_15' title='bbox 533 347 573 384; x_wconf 88' lang='lat' dir='ltr'>in</span> <span class='ocrx_word' id='word_1_16' title='bbox 599 346 734 385; x_wconf 81' lang='lat' dir='ltr'>iisdem</span> <span class='ocrx_word' id='word_1_17' title='bbox 763 344 835 385; x_wconf 83' lang='lat' dir='ltr'>effe</span> 
     </span>
     <span class='ocr_line' id='line_1_5' title="bbox 96 399 543 454; baseline 0.002 -14"><span class='ocrx_word' id='word_1_18' title='bbox 96 399 310 454; x_wconf 85' lang='lat' dir='ltr'>respublica</span> <span class='ocrx_word' id='word_1_19' title='bbox 336 401 543 441; x_wconf 86' lang='lat' dir='ltr'>videretur.</span> 
     </span>
    </p>

    <p class='ocr_par' dir='ltr' id='par_1_3' title="bbox 57 471 833 694">
     <span class='ocr_line' id='line_1_6' title="bbox 152 471 833 526; baseline 0 -17"><span class='ocrx_word' id='word_1_20' title='bbox 152 471 340 510; x_wconf 75' lang='lat' dir='ltr'>Extrema</span> <span class='ocrx_word' id='word_1_21' title='bbox 351 472 523 526; x_wconf 78' lang='lat' dir='ltr'>perstqui</span> <span class='ocrx_word' id='word_1_22' title='bbox 538 471 833 525; x_wconf 79' lang='lat' dir='ltr'>nolueris]Q1ia</span> 
     </span>
     <span class='ocr_line' id='line_1_7' title="bbox 57 525 833 576; baseline 0 -10"><span class='ocrx_word' id='word_1_23' title='bbox 57 539 64 547; x_wconf 89' lang='grc'><em>·</em></span> <span class='ocrx_word' id='word_1_24' title='bbox 96 525 133 566; x_wconf 85' lang='lat' dir='ltr'>se</span> <span class='ocrx_word' id='word_1_25' title='bbox 177 526 376 571; x_wconf 79' lang='lat' dir='ltr'>Mitylenas</span> <span class='ocrx_word' id='word_1_26' title='bbox 425 527 599 576; x_wconf 87' lang='lat' dir='ltr'>contulit,</span> <span class='ocrx_word' id='word_1_27' title='bbox 638 530 765 567; x_wconf 89' lang='lat' dir='ltr'>multis</span> <span class='ocrx_word' id='word_1_28' title='bbox 791 530 833 566; x_wconf 87' lang='lat' dir='ltr'>in</span> 
     </span>
     <span class='ocr_line' id='line_1_8' title="bbox 94 582 833 633; baseline 0 -9"><span class='ocrx_word' id='word_1_29' title='bbox 94 582 262 624; x_wconf 86' lang='lat' dir='ltr'>Africam</span> <span class='ocrx_word' id='word_1_30' title='bbox 287 583 332 622; x_wconf 84' lang='lat' dir='ltr'>ad</span> <span class='ocrx_word' id='word_1_31' title='bbox 356 585 487 624; x_wconf 89' lang='lat' dir='ltr'>Iubam</span> <span class='ocrx_word' id='word_1_32' title='bbox 507 598 646 633; x_wconf 87' lang='lat' dir='ltr'>regem,</span> <span class='ocrx_word' id='word_1_33' title='bbox 665 584 756 624; x_wconf 90' lang='lat' dir='ltr'>belli</span> <span class='ocrx_word' id='word_1_34' title='bbox 776 599 833 624; x_wconf 89' lang='lat' dir='ltr'>re-</span> 
     </span>
     <span class='ocr_line' id='line_1_9' title="bbox 95 639 720 694; baseline 0.002 -15"><span class='ocrx_word' id='word_1_35' title='bbox 95 641 266 679; x_wconf 78' lang='lat' dir='ltr'>nouandi</span> <span class='ocrx_word' id='word_1_36' title='bbox 291 639 367 693; x_wconf 85' lang='lat' dir='ltr'>spe,</span> <span class='ocrx_word' id='word_1_37' title='bbox 388 641 720 694; x_wconf 73' lang='lat' dir='ltr'>proficiscentibus.</span> 
     </span>
    </p>

    <p class='ocr_par' dir='ltr' id='par_1_4' title="bbox 92 696 831 1035">
     <span class='ocr_line' id='line_1_10' title="bbox 151 696 831 750; baseline -0.001 -14"><span class='ocrx_word' id='word_1_38' title='bbox 151 699 195 736; x_wconf 91' lang='lat' dir='ltr'><em>H</em></span> <span class='ocrx_word' id='word_1_39' title='bbox 203 697 310 750; x_wconf 68' lang='lat' dir='ltr'>msto</span> <span class='ocrx_word' id='word_1_40' title='bbox 326 696 417 750; x_wconf 61' lang='lat' dir='ltr'>atio]</span> <span class='ocrx_word' id='word_1_41' title='bbox 472 700 610 736; x_wconf 82' lang='lat' dir='ltr'>Tacite</span> <span class='ocrx_word' id='word_1_42' title='bbox 642 698 831 747; x_wconf 75' lang='lat' dir='ltr'>significat,</span> 
     </span>
     <span class='ocr_line' id='line_1_11' title="bbox 95 752 831 808; baseline 0 -16"><span class='ocrx_word' id='word_1_43' title='bbox 95 768 174 792; x_wconf 85' lang='lat' dir='ltr'>nou</span> <span class='ocrx_word' id='word_1_44' title='bbox 205 753 308 808; x_wconf 75' lang='lat' dir='ltr'>puss&#39;e</span> <span class='ocrx_word' id='word_1_45' title='bbox 328 752 546 793; x_wconf 83' lang='lat' dir='ltr'>Marcellum</span> <span class='ocrx_word' id='word_1_46' title='bbox 576 755 735 793; x_wconf 79' lang='lat' dir='ltr'>eandem</span> <span class='ocrx_word' id='word_1_47' title='bbox 764 755 831 792; x_wconf 79' lang='lat' dir='ltr'>fibi</span> 
     </span>
     <span class='ocr_line' id='line_1_12' title="bbox 92 810 828 864; baseline 0 -15"><span class='ocrx_word' id='word_1_48' title='bbox 92 810 286 860; x_wconf 68' lang='lat' dir='ltr'>fortunam</span> <span class='ocrx_word' id='word_1_49' title='bbox 333 810 398 849; x_wconf 87' lang='lat' dir='ltr'>diu</span> <span class='ocrx_word' id='word_1_50' title='bbox 440 812 645 864; x_wconf 80' lang='lat' dir='ltr'>praestare3</span> <span class='ocrx_word' id='word_1_51' title='bbox 692 810 766 858; x_wconf 86' lang='lat' dir='ltr'>sed,</span> <span class='ocrx_word' id='word_1_52' title='bbox 803 811 828 849; x_wconf 85' lang='lat' dir='ltr'>fi</span> 
     </span>
     <span class='ocr_line' id='line_1_13' title="bbox 93 866 827 919; baseline -0.001 -13"><span class='ocrx_word' id='word_1_53' title='bbox 93 869 182 906; x_wconf 82' lang='lat' dir='ltr'>idco</span> <span class='ocrx_word' id='word_1_54' title='bbox 205 868 307 914; x_wconf 74' lang='lat' dir='ltr'>absit,</span> <span class='ocrx_word' id='word_1_55' title='bbox 334 869 423 919; x_wconf 87' lang='lat' dir='ltr'>quia</span> <span class='ocrx_word' id='word_1_56' title='bbox 452 868 610 906; x_wconf 80' lang='lat' dir='ltr'>honesto</span> <span class='ocrx_word' id='word_1_57' title='bbox 642 866 709 906; x_wconf 89' lang='lat' dir='ltr'>illo</span> <span class='ocrx_word' id='word_1_58' title='bbox 734 869 827 906; x_wconf 80' lang='lat' dir='ltr'>-otio</span> 
     </span>
     <span class='ocr_line' id='line_1_14' title="bbox 93 923 828 972; baseline -0.001 -9"><span class='ocrx_word' id='word_1_59' title='bbox 93 923 313 970; x_wconf 53' lang='lat' dir='ltr'>delcetetur,</span> <span class='ocrx_word' id='word_1_60' title='bbox 333 923 443 964; x_wconf 79' lang='lat' dir='ltr'>valde</span> <span class='ocrx_word' id='word_1_61' title='bbox 466 924 690 972; x_wconf 84' lang='lat' dir='ltr'>timendum,</span> <span class='ocrx_word' id='word_1_62' title='bbox 707 939 753 963; x_wconf 87' lang='lat' dir='ltr'>ne</span> <span class='ocrx_word' id='word_1_63' title='bbox 772 938 828 962; x_wconf 91' lang='lat' dir='ltr'>ca-</span> 
     </span>
     <span class='ocr_line' id='line_1_15' title="bbox 92 980 826 1035; baseline 0 -15"><span class='ocrx_word' id='word_1_64' title='bbox 92 981 150 1021; x_wconf 89' lang='lat' dir='ltr'>sus</span> <span class='ocrx_word' id='word_1_65' title='bbox 172 980 306 1034; x_wconf 83' lang='lat' dir='ltr'>aliquis</span> <span class='ocrx_word' id='word_1_66' title='bbox 329 983 408 1020; x_wconf 86' lang='lat' dir='ltr'>eius</span> <span class='ocrx_word' id='word_1_67' title='bbox 440 981 592 1020; x_wconf 67' lang='lat' dir='ltr'>consilia</span> <span class='ocrx_word' id='word_1_68' title='bbox 620 982 826 1035; x_wconf 85' lang='lat' dir='ltr'>perturbet.</span> 
     </span>
    </p>
   </div>
   <div class='ocr_carea' id='block_1_3' title="bbox 87 1048 828 1206">
    <p class='ocr_par' dir='ltr' id='par_1_5' title="bbox 87 1048 828 1206">
     <span class='ocr_line' id='line_1_16' title="bbox 144 1048 827 1101; baseline -0.003 -9"><span class='ocrx_word' id='word_1_69' title='bbox 144 1053 315 1101; x_wconf 61' lang='lat' dir='ltr'>Statum]</span> <span class='ocrx_word' id='word_1_70' title='bbox 361 1048 477 1101; x_wconf 71' lang='lat' dir='ltr'>Quod</span> <span class='ocrx_word' id='word_1_71' title='bbox 504 1054 545 1090; x_wconf 88' lang='lat' dir='ltr'>in</span> <span class='ocrx_word' id='word_1_72' title='bbox 575 1052 709 1091; x_wconf 82' lang='lat' dir='ltr'>eodem</span> <span class='ocrx_word' id='word_1_73' title='bbox 734 1054 827 1092; x_wconf 87' lang='lat' dir='ltr'>statu</span> 
     </span>
     <span class='ocr_line' id='line_1_17' title="bbox 89 1107 828 1162; baseline 0.003 -16"><span class='ocrx_word' id='word_1_74' title='bbox 89 1107 361 1162; x_wconf 76' lang='lat' dir='ltr'>permanseriS,</span> <span class='ocrx_word' id='word_1_75' title='bbox 393 1108 539 1148; x_wconf 87' lang='lat' dir='ltr'>nullam</span> <span class='ocrx_word' id='word_1_76' title='bbox 574 1111 643 1148; x_wconf 89' lang='lat' dir='ltr'>tibi</span> <span class='ocrx_word' id='word_1_77' title='bbox 673 1109 828 1149; x_wconf 80' lang='lat' dir='ltr'>fortuna</span> 
     </span>
     <span class='ocr_line' id='line_1_18' title="bbox 87 1165 828 1206; baseline 0.003 -2"><span class='ocrx_word' id='word_1_78' title='bbox 87 1167 312 1205; x_wconf 85' lang='lat' dir='ltr'>varietatem</span> <span class='ocrx_word' id='word_1_79' title='bbox 321 1178 363 1204; x_wconf 86' lang='lat' dir='ltr'>ac</span> <span class='ocrx_word' id='word_1_80' title='bbox 375 1166 627 1206; x_wconf 76' lang='lat' dir='ltr'>mutationem</span> <span class='ocrx_word' id='word_1_81' title='bbox 648 1165 828 1206; x_wconf 77' lang='lat' dir='ltr'>attulerit.</span> 
     </span>
    </p>
   </div>
   <div class='ocr_carea' id='block_1_4' title="bbox 83 1235 826 1741">
    <p class='ocr_par' dir='ltr' id='par_1_6' title="bbox 83 1235 826 1741">
     <span class='ocr_line' id='line_1_19' title="bbox 145 1235 826 1293; baseline 0.001 -17"><span class='ocrx_word' id='word_1_82' title='bbox 145 1237 303 1277; x_wconf 73' lang='lat' dir='ltr'>Famam</span> <span class='ocrx_word' id='word_1_83' title='bbox 329 1235 551 1293; x_wconf 67' lang='lat' dir='ltr'>dignitatis]</span> <span class='ocrx_word' id='word_1_84' title='bbox 581 1241 676 1277; x_wconf 89' lang='lat' dir='ltr'>Cum</span> <span class='ocrx_word' id='word_1_85' title='bbox 699 1240 826 1290; x_wconf 73' lang='lat' dir='ltr'>quiete</span> 
     </span>
     <span class='ocr_line' id='line_1_20' title="bbox 85 1292 826 1342; baseline 0.003 -11"><span class='ocrx_word' id='word_1_86' title='bbox 85 1303 124 1332; x_wconf 86' lang='lat' dir='ltr'>et</span> <span class='ocrx_word' id='word_1_87' title='bbox 167 1292 300 1340; x_wconf 86' lang='lat' dir='ltr'>libere,</span> <span class='ocrx_word' id='word_1_88' title='bbox 331 1294 489 1333; x_wconf 80' lang='lat' dir='ltr'>honesto</span> <span class='ocrx_word' id='word_1_89' title='bbox 518 1296 622 1342; x_wconf 85' lang='lat' dir='ltr'>otio,</span> <span class='ocrx_word' id='word_1_90' title='bbox 653 1296 826 1341; x_wconf 81' lang='lat' dir='ltr'>viueres3</span> 
     </span>
     <span class='ocr_line' id='line_1_21' title="bbox 86 1349 823 1403; baseline 0.004 -15"><span class='ocrx_word' id='word_1_91' title='bbox 86 1363 164 1403; x_wconf 85' lang='lat' dir='ltr'>quo</span> <span class='ocrx_word' id='word_1_92' title='bbox 182 1361 267 1389; x_wconf 85' lang='lat' dir='ltr'>tuae</span> <span class='ocrx_word' id='word_1_93' title='bbox 288 1349 479 1400; x_wconf 77' lang='lat' dir='ltr'>dignitatis</span> <span class='ocrx_word' id='word_1_94' title='bbox 510 1350 609 1389; x_wconf 74' lang='lat' dir='ltr'>fama</span> <span class='ocrx_word' id='word_1_95' title='bbox 629 1352 823 1391; x_wconf 79' lang='lat' dir='ltr'>conserua-</span> 
     </span>
     <span class='ocr_line' id='line_1_22' title="bbox 85 1407 822 1460; baseline 0 -13"><span class='ocrx_word' id='word_1_96' title='bbox 85 1408 211 1447; x_wconf 81' lang='lat' dir='ltr'>batur.</span> <span class='ocrx_word' id='word_1_97' title='bbox 241 1420 328 1445; x_wconf 88' lang='lat' dir='ltr'>nam</span> <span class='ocrx_word' id='word_1_98' title='bbox 349 1417 385 1446; x_wconf 91' lang='lat' dir='ltr'>et</span> <span class='ocrx_word' id='word_1_99' title='bbox 405 1410 471 1460; x_wconf 89' lang='lat' dir='ltr'>qui</span> <span class='ocrx_word' id='word_1_100' title='bbox 494 1408 657 1460; x_wconf 73' lang='lat' dir='ltr'>profeffl</span> <span class='ocrx_word' id='word_1_101' title='bbox 673 1410 712 1446; x_wconf 88' lang='lat' dir='ltr'>in</span> <span class='ocrx_word' id='word_1_102' title='bbox 726 1407 822 1447; x_wconf 82' lang='lat' dir='ltr'>Afri-</span> 
     </span>
     <span class='ocr_line' id='line_1_23' title="bbox 86 1462 822 1510; baseline 0.001 -7"><span class='ocrx_word' id='word_1_103' title='bbox 86 1477 167 1503; x_wconf 78' lang='lat' dir='ltr'>cam</span> <span class='ocrx_word' id='word_1_104' title='bbox 187 1462 284 1510; x_wconf 86' lang='lat' dir='ltr'>sunt,</span> <span class='ocrx_word' id='word_1_105' title='bbox 306 1465 438 1503; x_wconf 85' lang='lat' dir='ltr'>statum</span> <span class='ocrx_word' id='word_1_106' title='bbox 457 1464 564 1503; x_wconf 87' lang='lat' dir='ltr'>suum</span> <span class='ocrx_word' id='word_1_107' title='bbox 590 1479 669 1503; x_wconf 85' lang='lat' dir='ltr'>non</span> <span class='ocrx_word' id='word_1_108' title='bbox 694 1477 822 1504; x_wconf 80' lang='lat' dir='ltr'>tenue-</span> 
     </span>
     <span class='ocr_line' id='line_1_24' title="bbox 84 1519 822 1569; baseline 0.001 -9"><span class='ocrx_word' id='word_1_109' title='bbox 84 1535 147 1568; x_wconf 82' lang='lat' dir='ltr'>re,</span> <span class='ocrx_word' id='word_1_110' title='bbox 174 1519 237 1559; x_wconf 84' lang='lat' dir='ltr'>vel</span> <span class='ocrx_word' id='word_1_111' title='bbox 261 1522 302 1558; x_wconf 87' lang='lat' dir='ltr'>in</span> <span class='ocrx_word' id='word_1_112' title='bbox 330 1523 409 1559; x_wconf 88' lang='lat' dir='ltr'>acie</span> <span class='ocrx_word' id='word_1_113' title='bbox 434 1521 644 1569; x_wconf 68' lang='lat' dir='ltr'>interfeffi,</span> <span class='ocrx_word' id='word_1_114' title='bbox 675 1521 736 1561; x_wconf 89' lang='lat' dir='ltr'>vel</span> <span class='ocrx_word' id='word_1_115' title='bbox 766 1524 822 1561; x_wconf 91' lang='lat' dir='ltr'>in-</span> 
     </span>
     <span class='ocr_line' id='line_1_25' title="bbox 85 1577 823 1632; baseline 0.003 -15"><span class='ocrx_word' id='word_1_116' title='bbox 85 1577 284 1617; x_wconf 79' lang='lat' dir='ltr'>commoda</span> <span class='ocrx_word' id='word_1_117' title='bbox 307 1577 550 1631; x_wconf 83' lang='lat' dir='ltr'>miseriasque</span> <span class='ocrx_word' id='word_1_118' title='bbox 579 1579 756 1632; x_wconf 77' lang='lat' dir='ltr'>perpelli:</span> <span class='ocrx_word' id='word_1_119' title='bbox 786 1589 823 1620; x_wconf 89' lang='lat' dir='ltr'>et</span> 
     </span>
     <span class='ocr_line' id='line_1_26' title="bbox 85 1634 824 1687; baseline 0.001 -13"><span class='ocrx_word' id='word_1_120' title='bbox 85 1648 233 1681; x_wconf 86' lang='lat' dir='ltr'>eorum,</span> <span class='ocrx_word' id='word_1_121' title='bbox 255 1634 375 1687; x_wconf 81' lang='lat' dir='ltr'>quise</span> <span class='ocrx_word' id='word_1_122' title='bbox 403 1637 541 1674; x_wconf 63' lang='lat' dir='ltr'>vidiori</span> <span class='ocrx_word' id='word_1_123' title='bbox 567 1635 824 1684; x_wconf 89' lang='lat' dir='ltr'>crediderunt,</span> 
     </span>
     <span class='ocr_line' id='line_1_27' title="bbox 83 1692 549 1741; baseline 0 -10"><span class='ocrx_word' id='word_1_124' title='bbox 83 1692 245 1741; x_wconf 82' lang='lat' dir='ltr'>dignitas</span> <span class='ocrx_word' id='word_1_125' title='bbox 268 1693 320 1730; x_wconf 90' lang='lat' dir='ltr'>est</span> <span class='ocrx_word' id='word_1_126' title='bbox 337 1694 549 1731; x_wconf 88' lang='lat' dir='ltr'>imminuta.</span> 
     </span>
    </p>
   </div>
   <div class='ocr_carea' id='block_1_5' title="bbox 78 1761 824 2596">
    <p class='ocr_par' dir='ltr' id='par_1_7' title="bbox 82 1761 824 1925">
     <span class='ocr_line' id='line_1_28' title="bbox 144 1761 822 1814; baseline 0.004 -14"><span class='ocrx_word' id='word_1_127' title='bbox 144 1761 259 1801; x_wconf 81' lang='lat' dir='ltr'>Nunc</span> <span class='ocrx_word' id='word_1_128' title='bbox 278 1761 383 1814; x_wconf 82' lang='lat' dir='ltr'>vero]</span> <span class='ocrx_word' id='word_1_129' title='bbox 413 1765 511 1802; x_wconf 90' lang='lat' dir='ltr'>Cum</span> <span class='ocrx_word' id='word_1_130' title='bbox 533 1765 607 1801; x_wconf 84' lang='lat' dir='ltr'>iam</span> <span class='ocrx_word' id='word_1_131' title='bbox 630 1762 715 1802; x_wconf 87' lang='lat' dir='ltr'>satis</span> <span class='ocrx_word' id='word_1_132' title='bbox 744 1778 766 1802; x_wconf 88' lang='lat' dir='ltr'>a</span> <span class='ocrx_word' id='word_1_133' title='bbox 786 1774 822 1803; x_wconf 85' lang='lat' dir='ltr'>te</span> 
     </span>
     <span class='ocr_line' id='line_1_29' title="bbox 82 1817 824 1861; baseline 0.005 -4"><span class='ocrx_word' id='word_1_134' title='bbox 82 1817 223 1857; x_wconf 71' lang='lat' dir='ltr'>fa6h1m</span> <span class='ocrx_word' id='word_1_135' title='bbox 246 1820 287 1858; x_wconf 82' lang='lat' dir='ltr'>[it</span> <span class='ocrx_word' id='word_1_136' title='bbox 314 1832 351 1858; x_wconf 90' lang='lat' dir='ltr'>et</span> <span class='ocrx_word' id='word_1_137' title='bbox 382 1820 476 1858; x_wconf 90' lang='lat' dir='ltr'>boni</span> <span class='ocrx_word' id='word_1_138' title='bbox 501 1822 594 1859; x_wconf 84' lang='lat' dir='ltr'>ciuis</span> <span class='ocrx_word' id='word_1_139' title='bbox 623 1820 750 1860; x_wconf 81' lang='lat' dir='ltr'>officio</span> <span class='ocrx_word' id='word_1_140' title='bbox 786 1830 824 1861; x_wconf 87' lang='lat' dir='ltr'>et</span> 
     </span>
     <span class='ocr_line' id='line_1_30' title="bbox 84 1875 385 1925; baseline 0.003 -11"><span class='ocrx_word' id='word_1_141' title='bbox 84 1875 261 1925; x_wconf 84' lang='lat' dir='ltr'>dignitati</span> <span class='ocrx_word' id='word_1_142' title='bbox 283 1887 385 1915; x_wconf 56' lang='lat' dir='ltr'>tuae</span> 
     </span>
    </p>

    <p class='ocr_par' dir='ltr' id='par_1_8' title="bbox 81 1930 821 2097">
     <span class='ocr_line' id='line_1_31' title="bbox 139 1930 821 1986; baseline 0.003 -15"><span class='ocrx_word' id='word_1_143' title='bbox 139 1933 307 1972; x_wconf 73' lang='lat' dir='ltr'>Dulcior</span> <span class='ocrx_word' id='word_1_144' title='bbox 336 1930 492 1985; x_wconf 77' lang='lat' dir='ltr'>patria]</span> <span class='ocrx_word' id='word_1_145' title='bbox 528 1933 635 1986; x_wconf 86' lang='lat' dir='ltr'>Epist.</span> <span class='ocrx_word' id='word_1_146' title='bbox 660 1940 696 1982; x_wconf 78' lang='lat'>8.</span> <span class='ocrx_word' id='word_1_147' title='bbox 752 1934 821 1974; x_wconf 79' lang='lat' dir='ltr'>Sin</span> 
     </span>
     <span class='ocr_line' id='line_1_32' title="bbox 81 1989 820 2045; baseline 0.005 -19"><span class='ocrx_word' id='word_1_148' title='bbox 81 1989 389 2045; x_wconf 77' lang='lat' dir='ltr'><em>qualemcumque</em></span> <span class='ocrx_word' id='word_1_149' title='bbox 408 1989 541 2036; x_wconf 78' lang='lat' dir='ltr'><em>locum,</em></span> <span class='ocrx_word' id='word_1_150' title='bbox 568 2003 661 2041; x_wconf 84' lang='lat' dir='ltr'>quae</span> <span class='ocrx_word' id='word_1_151' title='bbox 685 1989 737 2044; x_wconf 76' lang='lat' dir='ltr'>est</span> <span class='ocrx_word' id='word_1_152' title='bbox 757 1989 820 2030; x_wconf 87' lang='lat' dir='ltr'>do-</span> 
     </span>
     <span class='ocr_line' id='line_1_33' title="bbox 81 2045 588 2097; baseline 0.002 -14"><span class='ocrx_word' id='word_1_153' title='bbox 81 2045 230 2097; x_wconf 65' lang='lat' dir='ltr'>mestica</span> <span class='ocrx_word' id='word_1_154' title='bbox 240 2045 335 2096; x_wconf 78' lang='lat' dir='ltr'>fide</span> <span class='ocrx_word' id='word_1_155' title='bbox 357 2045 588 2085; x_wconf 69' lang='lat' dir='ltr'>iucundior?</span> 
     </span>
    </p>

    <p class='ocr_par' dir='ltr' id='par_1_9' title="bbox 80 2101 819 2197">
     <span class='ocr_line' id='line_1_34' title="bbox 137 2101 819 2157; baseline 0.001 -17"><span class='ocrx_word' id='word_1_156' title='bbox 137 2101 378 2157; x_wconf 77' lang='lat' dir='ltr'>Deformior]</span> <span class='ocrx_word' id='word_1_157' title='bbox 426 2102 570 2142; x_wconf 84' lang='lat' dir='ltr'>Amiffis</span> <span class='ocrx_word' id='word_1_158' title='bbox 586 2103 819 2141; x_wconf 81' lang='lat' dir='ltr'>ornamentis</span> 
     </span>
     <span class='ocr_line' id='line_1_35' title="bbox 80 2156 166 2197; baseline 0.012 -1"><span class='ocrx_word' id='word_1_159' title='bbox 80 2156 166 2197; x_wconf 86' lang='lat' dir='ltr'>suis.</span> 
     </span>
    </p>

    <p class='ocr_par' dir='ltr' id='par_1_10' title="bbox 78 2201 819 2438">
     <span class='ocr_line' id='line_1_36' title="bbox 137 2201 819 2268; baseline 0.001 -14"><span class='ocrx_word' id='word_1_160' title='bbox 137 2215 281 2254; x_wconf 83' lang='lat' dir='ltr'>Multis</span> <span class='ocrx_word' id='word_1_161' title='bbox 302 2213 419 2253; x_wconf 76' lang='lat' dir='ltr'>claris</span> <span class='ocrx_word' id='word_1_162' title='bbox 432 2213 546 2268; x_wconf 85' lang='lat' dir='ltr'>viris]</span> <span class='ocrx_word' id='word_1_163' title='bbox 604 2201 819 2255; x_wconf 59' lang='lat' dir='ltr'>Consulari-</span> 
     </span>
     <span class='ocr_line' id='line_1_37' title="bbox 79 2269 815 2323; baseline 0.004 -14"><span class='ocrx_word' id='word_1_164' title='bbox 79 2270 159 2310; x_wconf 79' lang='lat' dir='ltr'>bus&#39;</span> <span class='ocrx_word' id='word_1_165' title='bbox 179 2269 342 2323; x_wconf 88' lang='lat' dir='ltr'>septem,</span> <span class='ocrx_word' id='word_1_166' title='bbox 371 2272 565 2322; x_wconf 85' lang='lat' dir='ltr'>Pompeio,</span> <span class='ocrx_word' id='word_1_167' title='bbox 595 2272 748 2320; x_wconf 86' lang='lat' dir='ltr'>Bibulo,</span> <span class='ocrx_word' id='word_1_168' title='bbox 778 2275 815 2312; x_wconf 90' lang='grc' dir='ltr'>Ρ.</span> 
     </span>
     <span class='ocr_line' id='line_1_38' title="bbox 81 2325 816 2380; baseline 0.007 -15"><span class='ocrx_word' id='word_1_169' title='bbox 81 2337 120 2365; x_wconf 86' lang='lat' dir='ltr'>et</span> <span class='ocrx_word' id='word_1_170' title='bbox 147 2329 187 2367; x_wconf 88' lang='lat' dir='ltr'>L.</span> <span class='ocrx_word' id='word_1_171' title='bbox 219 2325 402 2373; x_wconf 78' lang='lat' dir='ltr'>Lentulis,</span> <span class='ocrx_word' id='word_1_172' title='bbox 435 2330 504 2380; x_wconf 85' lang='lat' dir='ltr'>Ap.</span> <span class='ocrx_word' id='word_1_173' title='bbox 535 2327 816 2376; x_wconf 82' lang='lat' dir='ltr'>Pulchro,&#39;Do-</span> 
     </span>
     <span class='ocr_line' id='line_1_39' title="bbox 78 2383 684 2438; baseline 0.005 -16"><span class='ocrx_word' id='word_1_174' title='bbox 78 2384 191 2422; x_wconf 87' lang='lat' dir='ltr'>mitio</span> <span class='ocrx_word' id='word_1_175' title='bbox 212 2383 480 2432; x_wconf 82' lang='lat' dir='ltr'>Ahenobarbo,</span> <span class='ocrx_word' id='word_1_176' title='bbox 499 2385 684 2438; x_wconf 87' lang='lat' dir='ltr'>Scipione.</span> 
     </span>
    </p>

    <p class='ocr_par' dir='ltr' id='par_1_11' title="bbox 78 2437 816 2596">
     <span class='ocr_line' id='line_1_40' title="bbox 137 2437 816 2495; baseline 0.006 -18"><span class='ocrx_word' id='word_1_177' title='bbox 137 2439 228 2478; x_wconf 80' lang='lat' dir='ltr'>Non</span> <span class='ocrx_word' id='word_1_178' title='bbox 253 2437 524 2493; x_wconf 68' lang='lat' dir='ltr'>iffi’supplicem</span> <span class='ocrx_word' id='word_1_179' title='bbox 544 2440 700 2495; x_wconf 65' lang='lat' dir='ltr'>viflorz]</span> <span class='ocrx_word' id='word_1_180' title='bbox 743 2446 816 2483; x_wconf 91' lang='lat' dir='ltr'>Ve-</span> 
     </span>
     <span class='ocr_line' id='line_1_41' title="bbox 78 2496 814 2549; baseline 0.004 -14"><span class='ocrx_word' id='word_1_181' title='bbox 78 2509 181 2543; x_wconf 84' lang='lat' dir='ltr'>reor,</span> <span class='ocrx_word' id='word_1_182' title='bbox 201 2510 249 2534; x_wconf 88' lang='lat' dir='ltr'>ne</span> <span class='ocrx_word' id='word_1_183' title='bbox 270 2498 354 2548; x_wconf 82' lang='lat' dir='ltr'>quis</span> <span class='ocrx_word' id='word_1_184' title='bbox 372 2497 472 2535; x_wconf 89' lang='lat' dir='ltr'>hunc</span> <span class='ocrx_word' id='word_1_185' title='bbox 492 2496 618 2537; x_wconf 89' lang='lat' dir='ltr'>locum</span> <span class='ocrx_word' id='word_1_186' title='bbox 650 2512 694 2538; x_wconf 87' lang='lat' dir='ltr'>ex</span> <span class='ocrx_word' id='word_1_187' title='bbox 712 2501 814 2549; x_wconf 86' lang='lat' dir='ltr'>inge-</span> 
     </span>
     <span class='ocr_line' id='line_1_42' title="bbox 78 2554 813 2596; baseline 0.005 -4"><span class='ocrx_word' id='word_1_188' title='bbox 78 2554 145 2592; x_wconf 77' lang='lat' dir='ltr'>nio</span> <span class='ocrx_word' id='word_1_189' title='bbox 184 2555 402 2593; x_wconf 84' lang='lat' dir='ltr'>mutauerit.</span> <span class='ocrx_word' id='word_1_190' title='bbox 432 2567 529 2594; x_wconf 82' lang='lat' dir='ltr'>-nam</span> <span class='ocrx_word' id='word_1_191' title='bbox 567 2565 605 2595; x_wconf 88' lang='lat' dir='ltr'>et</span> <span class='ocrx_word' id='word_1_192' title='bbox 645 2557 813 2596; x_wconf 75' lang='lat' dir='ltr'>vfitatius</span> 
     </span>
    </p>
   </div>
   <div class='ocr_carea' id='block_1_6' title="bbox 1542 124 1626 172">
    <p class='ocr_par' dir='ltr' id='par_1_12' title="bbox 1542 124 1626 172">
     <span class='ocr_line' id='line_1_43' title="bbox 1542 124 1626 172; baseline 0.048 -4"><span class='ocrx_word' id='word_1_193' title='bbox 1542 124 1626 172; x_wconf 80' lang='lat'>287</span> 
     </span>
    </p>
   </div>
   <div class='ocr_carea' id='block_1_7' title="bbox 877 228 1626 1704">
    <p class='ocr_par' dir='ltr' id='par_1_13' title="bbox 879 228 1626 680">
     <span class='ocr_line' id='line_1_44' title="bbox 891 228 1625 285; baseline 0.001 -15"><span class='ocrx_word' id='word_1_194' title='bbox 891 240 996 277; x_wconf 87' lang='lat' dir='ltr'>erat,</span> <span class='ocrx_word' id='word_1_195' title='bbox 1025 228 1084 285; x_wconf 68' lang='lat' dir='ltr'>{ffi-</span> <span class='ocrx_word' id='word_1_196' title='bbox 1105 231 1320 283; x_wconf 74' lang='lat' dir='ltr'>fiaepplicem</span> <span class='ocrx_word' id='word_1_197' title='bbox 1350 229 1407 270; x_wconf 85' lang='lat' dir='ltr'>ad</span> <span class='ocrx_word' id='word_1_198' title='bbox 1433 228 1625 279; x_wconf 66' lang='lat' dir='ltr'>viflorern,</span> 
     </span>
     <span class='ocr_line' id='line_1_45' title="bbox 890 286 1626 340; baseline 0.001 -15"><span class='ocrx_word' id='word_1_199' title='bbox 890 288 1210 340; x_wconf 80' lang='lat' dir='ltr'>quemadmodum</span> <span class='ocrx_word' id='word_1_200' title='bbox 1239 289 1341 340; x_wconf 86' lang='lat' dir='ltr'>epist.</span> <span class='ocrx_word' id='word_1_201' title='bbox 1352 300 1392 340; x_wconf 84' lang='lat'>4.</span> <span class='ocrx_word' id='word_1_202' title='bbox 1422 286 1479 326; x_wconf 79' lang='lat' dir='ltr'>ad</span> <span class='ocrx_word' id='word_1_203' title='bbox 1492 288 1626 339; x_wconf 76' lang='lat' dir='ltr'>Caefit·</span> 
     </span>
     <span class='ocr_line' id='line_1_46' title="bbox 888 345 1625 395; baseline 0.001 -14"><span class='ocrx_word' id='word_1_204' title='bbox 888 359 966 382; x_wconf 87' lang='lat' dir='ltr'>rem</span> <span class='ocrx_word' id='word_1_205' title='bbox 975 345 1139 395; x_wconf 72' lang='lat' dir='ltr'>Jitpplex</span> <span class='ocrx_word' id='word_1_206' title='bbox 1153 345 1370 394; x_wconf 47' lang='lat' dir='ltr'>accederem</span> <span class='ocrx_word' id='word_1_207' title='bbox 1413 353 1449 382; x_wconf 86' lang='lat' dir='ltr'>et</span> <span class='ocrx_word' id='word_1_208' title='bbox 1471 345 1511 382; x_wconf 90' lang='lat' dir='ltr'>in</span> <span class='ocrx_word' id='word_1_209' title='bbox 1531 346 1625 383; x_wconf 76' lang='lat' dir='ltr'>meis</span> 
     </span>
     <span class='ocr_line' id='line_1_47' title="bbox 888 398 1623 455; baseline 0.001 -17"><span class='ocrx_word' id='word_1_210' title='bbox 888 401 1066 439; x_wconf 85' lang='lat' dir='ltr'>omnibus</span> <span class='ocrx_word' id='word_1_211' title='bbox 1095 402 1259 452; x_wconf 81' lang='lat' dir='ltr'>antiquis</span> <span class='ocrx_word' id='word_1_212' title='bbox 1290 398 1397 440; x_wconf 86' lang='lat' dir='ltr'>libris</span> <span class='ocrx_word' id='word_1_213' title='bbox 1420 413 1509 448; x_wconf 62' lang='lat' dir='ltr'>{non</span> <span class='ocrx_word' id='word_1_214' title='bbox 1543 398 1623 455; x_wconf 68' lang='lat' dir='ltr'>ff,</span> 
     </span>
     <span class='ocr_line' id='line_1_48' title="bbox 887 453 1622 508; baseline 0.004 -15"><span class='ocrx_word' id='word_1_215' title='bbox 887 455 948 494; x_wconf 86' lang='lat' dir='ltr'>sed</span> <span class='ocrx_word' id='word_1_216' title='bbox 978 453 1050 508; x_wconf 56' lang='lat' dir='ltr'>fffi&#39;s</span> <span class='ocrx_word' id='word_1_217' title='bbox 1084 455 1232 504; x_wconf 79' lang='lat' dir='ltr'>legitur.</span> <span class='ocrx_word' id='word_1_218' title='bbox 1270 458 1310 494; x_wconf 88' lang='lat' dir='ltr'>in</span> <span class='ocrx_word' id='word_1_219' title='bbox 1347 470 1423 500; x_wconf 81' lang='lat' dir='ltr'>vno</span> <span class='ocrx_word' id='word_1_220' title='bbox 1460 467 1622 506; x_wconf 88' lang='lat' dir='ltr'>tantum,</span> 
     </span>
     <span class='ocr_line' id='line_1_49' title="bbox 879 511 1622 567; baseline 0.005 -17"><span class='ocrx_word' id='word_1_221' title='bbox 879 512 1003 566; x_wconf 57' lang='lat' dir='ltr'>fmssh,</span> <span class='ocrx_word' id='word_1_222' title='bbox 1017 511 1193 563; x_wconf 78' lang='lat' dir='ltr'>scriptum</span> <span class='ocrx_word' id='word_1_223' title='bbox 1214 513 1327 552; x_wconf 84' lang='lat' dir='ltr'>video</span> <span class='ocrx_word' id='word_1_224' title='bbox 1369 527 1410 552; x_wconf 87' lang='lat' dir='ltr'>ac</span> <span class='ocrx_word' id='word_1_225' title='bbox 1427 515 1522 553; x_wconf 81' lang='lat' dir='ltr'>mihi</span> <span class='ocrx_word' id='word_1_226' title='bbox 1540 517 1622 567; x_wconf 88' lang='lat' dir='ltr'>qui-</span> 
     </span>
     <span class='ocr_line' id='line_1_50' title="bbox 888 566 1619 625; baseline 0.008 -19"><span class='ocrx_word' id='word_1_227' title='bbox 888 568 974 614; x_wconf 84' lang='lat' dir='ltr'>dem</span> <span class='ocrx_word' id='word_1_228' title='bbox 992 568 1051 606; x_wconf 89' lang='lat' dir='ltr'>vel</span> <span class='ocrx_word' id='word_1_229' title='bbox 1081 566 1155 620; x_wconf 62' lang='lat' dir='ltr'>(ffi‘,</span> <span class='ocrx_word' id='word_1_230' title='bbox 1176 567 1236 608; x_wconf 83' lang='lat' dir='ltr'>vel</span> <span class='ocrx_word' id='word_1_231' title='bbox 1256 567 1383 624; x_wconf 65' lang='lat' dir='ltr'><em>suff,</em></span> <span class='ocrx_word' id='word_1_232' title='bbox 1406 574 1520 620; x_wconf 85' lang='lat' dir='ltr'>magis</span> <span class='ocrx_word' id='word_1_233' title='bbox 1542 571 1619 625; x_wconf 80' lang='lat' dir='ltr'>pla-</span> 
     </span>
     <span class='ocr_line' id='line_1_51' title="bbox 888 622 1184 680; baseline 0.007 -17"><span class='ocrx_word' id='word_1_234' title='bbox 888 636 958 672; x_wconf 86' lang='lat' dir='ltr'>cet,</span> <span class='ocrx_word' id='word_1_235' title='bbox 980 638 1091 677; x_wconf 88' lang='lat' dir='ltr'>quam</span> <span class='ocrx_word' id='word_1_236' title='bbox 1113 622 1184 680; x_wconf 59' lang='lat' dir='ltr'>isle.</span> 
     </span>
    </p>

    <p class='ocr_par' dir='ltr' id='par_1_14' title="bbox 877 693 1619 1704">
     <span class='ocr_line' id='line_1_52' title="bbox 940 693 1618 748; baseline 0.007 -13"><span class='ocrx_word' id='word_1_237' title='bbox 940 696 1154 748; x_wconf 65' lang='lat' dir='ltr'>Aspernari</span> <span class='ocrx_word' id='word_1_238' title='bbox 1203 693 1368 734; x_wconf 80' lang='lat' dir='ltr'>eiusdem</span> <span class='ocrx_word' id='word_1_239' title='bbox 1405 696 1618 740; x_wconf 81' lang='lat' dir='ltr'>liberalita-</span> 
     </span>
     <span class='ocr_line' id='line_1_53' title="bbox 885 749 1618 806; baseline 0.008 -15"><span class='ocrx_word' id='word_1_240' title='bbox 885 749 979 806; x_wconf 81' lang='lat' dir='ltr'>te&#39;m]</span> <span class='ocrx_word' id='word_1_241' title='bbox 1017 755 1069 791; x_wconf 65' lang='lat' dir='ltr'>Ex</span> <span class='ocrx_word' id='word_1_242' title='bbox 1093 749 1269 790; x_wconf 88' lang='lat' dir='ltr'>hocloco</span> <span class='ocrx_word' id='word_1_243' title='bbox 1292 753 1374 791; x_wconf 85' lang='lat' dir='ltr'>fieri</span> <span class='ocrx_word' id='word_1_244' title='bbox 1401 756 1618 797; x_wconf 58' lang='lat' dir='ltr'>conicetur:</span> 
     </span>
     <span class='ocr_line' id='line_1_54' title="bbox 884 808 1619 865; baseline 0.008 -18"><span class='ocrx_word' id='word_1_245' title='bbox 884 809 1069 865; x_wconf 25' lang='lat' dir='ltr'>potest-de</span> <span class='ocrx_word' id='word_1_246' title='bbox 1089 809 1214 848; x_wconf 82' lang='lat' dir='ltr'>reditu</span> <span class='ocrx_word' id='word_1_247' title='bbox 1239 808 1410 849; x_wconf 84' lang='lat' dir='ltr'>Marcelli</span> <span class='ocrx_word' id='word_1_248' title='bbox 1438 813 1513 850; x_wconf 87' lang='lat' dir='ltr'>iam</span> <span class='ocrx_word' id='word_1_249' title='bbox 1548 815 1619 853; x_wconf 91' lang='lat' dir='ltr'>im-</span> 
     </span>
     <span class='ocr_line' id='line_1_55' title="bbox 884 871 1619 918; baseline 0.01 -15"><span class='ocrx_word' id='word_1_250' title='bbox 884 876 1043 918; x_wconf 85' lang='lat' dir='ltr'>petrato.</span> <span class='ocrx_word' id='word_1_251' title='bbox 1093 879 1162 916; x_wconf 81' lang='lat' dir='ltr'>ego</span> <span class='ocrx_word' id='word_1_252' title='bbox 1201 877 1339 914; x_wconf 87' lang='lat' dir='ltr'>tamen,</span> <span class='ocrx_word' id='word_1_253' title='bbox 1379 881 1458 907; x_wconf 86' lang='lat' dir='ltr'>non</span> <span class='ocrx_word' id='word_1_254' title='bbox 1493 871 1619 911; x_wconf 84' lang='lat' dir='ltr'>confe-</span> 
     </span>
     <span class='ocr_line' id='line_1_56' title="bbox 884 922 1618 976; baseline 0.008 -14"><span class='ocrx_word' id='word_1_255' title='bbox 884 925 981 962; x_wconf 61' lang='lat' dir='ltr'>&amp;tam</span> <span class='ocrx_word' id='word_1_256' title='bbox 1007 937 1102 969; x_wconf 89' lang='lat' dir='ltr'>rem,</span> <span class='ocrx_word' id='word_1_257' title='bbox 1138 922 1198 962; x_wconf 88' lang='lat' dir='ltr'>sed</span> <span class='ocrx_word' id='word_1_258' title='bbox 1233 925 1415 976; x_wconf 84' lang='lat' dir='ltr'>optimam</span> <span class='ocrx_word' id='word_1_259' title='bbox 1450 927 1618 968; x_wconf 77' lang='lat' dir='ltr'>Caesaris</span> 
     </span>
     <span class='ocr_line' id='line_1_57' title="bbox 884 977 1618 1033; baseline 0.008 -14"><span class='ocrx_word' id='word_1_260' title='bbox 884 977 1134 1026; x_wconf 69' lang='lat' dir='ltr'>voluncatcm,</span> <span class='ocrx_word' id='word_1_261' title='bbox 1159 991 1196 1019; x_wconf 85' lang='lat' dir='ltr'>et</span> <span class='ocrx_word' id='word_1_262' title='bbox 1227 980 1452 1033; x_wconf 86' lang='lat' dir='ltr'>propensam</span> <span class='ocrx_word' id='word_1_263' title='bbox 1485 983 1532 1022; x_wconf 85' lang='lat' dir='ltr'>ad</span> <span class='ocrx_word' id='word_1_264' title='bbox 1565 984 1618 1025; x_wconf 90' lang='lat' dir='ltr'>le·</span> 
     </span>
     <span class='ocr_line' id='line_1_58' title="bbox 884 1038 1617 1094; baseline 0.012 -20"><span class='ocrx_word' id='word_1_265' title='bbox 884 1038 1040 1076; x_wconf 81' lang='lat' dir='ltr'>nitatem</span> <span class='ocrx_word' id='word_1_266' title='bbox 1076 1047 1248 1076; x_wconf 80' lang='lat' dir='ltr'>naturam</span> <span class='ocrx_word' id='word_1_267' title='bbox 1278 1038 1477 1086; x_wconf 68' lang='lat' dir='ltr'>fignificat-i</span> <span class='ocrx_word' id='word_1_268' title='bbox 1510 1054 1617 1094; x_wconf 72' lang='lat' dir='ltr'>puto,</span> 
     </span>
     <span class='ocr_line' id='line_1_59' title="bbox 886 1094 1619 1143; baseline 0.01 -12"><span class='ocrx_word' id='word_1_269' title='bbox 886 1096 1003 1143; x_wconf 79' lang='lat' dir='ltr'>‘magis</span> <span class='ocrx_word' id='word_1_270' title='bbox 1029 1095 1145 1140; x_wconf 83' lang='lat' dir='ltr'>enim,</span> <span class='ocrx_word' id='word_1_271' title='bbox 1172 1108 1220 1133; x_wconf 90' lang='lat' dir='ltr'>ne</span> <span class='ocrx_word' id='word_1_272' title='bbox 1247 1094 1447 1135; x_wconf 86' lang='lat' dir='ltr'>Marcellus</span> <span class='ocrx_word' id='word_1_273' title='bbox 1479 1097 1619 1139; x_wconf 87' lang='lat' dir='ltr'>benefi-</span> 
     </span>
     <span class='ocr_line' id='line_1_60' title="bbox 884 1150 1619 1209; baseline 0.011 -21"><span class='ocrx_word' id='word_1_274' title='bbox 884 1152 982 1189; x_wconf 84' lang='lat' dir='ltr'>cium</span> <span class='ocrx_word' id='word_1_275' title='bbox 1045 1150 1232 1190; x_wconf 72' lang='lat' dir='ltr'>Caesaris.vv</span> <span class='ocrx_word' id='word_1_276' title='bbox 1258 1151 1466 1201; x_wconf 87' lang='lat' dir='ltr'>recusaret,</span> <span class='ocrx_word' id='word_1_277' title='bbox 1504 1166 1619 1209; x_wconf 82' lang='lat' dir='ltr'>atque</span> 
     </span>
     <span class='ocr_line' id='line_1_61' title="bbox 882 1206 1618 1263; baseline 0.007 -17"><span class='ocrx_word' id='word_1_278' title='bbox 882 1209 1041 1246; x_wconf 86' lang='lat' dir='ltr'>omnino</span> <span class='ocrx_word' id='word_1_279' title='bbox 1075 1209 1201 1247; x_wconf 79' lang='lat' dir='ltr'>redire</span> <span class='ocrx_word' id='word_1_280' title='bbox 1232 1206 1371 1257; x_wconf 87' lang='lat' dir='ltr'>nollet,</span> <span class='ocrx_word' id='word_1_281' title='bbox 1409 1224 1522 1263; x_wconf 88' lang='lat' dir='ltr'>quam</span> <span class='ocrx_word' id='word_1_282' title='bbox 1567 1227 1618 1254; x_wconf 88' lang='lat' dir='ltr'>ne</span> 
     </span>
     <span class='ocr_line' id='line_1_62' title="bbox 883 1265 1618 1316; baseline 0.011 -13"><span class='ocrx_word' id='word_1_283' title='bbox 883 1265 1020 1304; x_wconf 84' lang='lat' dir='ltr'>Caesar</span> <span class='ocrx_word' id='word_1_284' title='bbox 1036 1265 1072 1304; x_wconf 90' lang='lat' dir='ltr'>se</span> <span class='ocrx_word' id='word_1_285' title='bbox 1085 1265 1274 1304; x_wconf 82' lang='lat' dir='ltr'>difficilem</span> <span class='ocrx_word' id='word_1_286' title='bbox 1292 1265 1338 1305; x_wconf 88' lang='lat' dir='ltr'>ad</span> <span class='ocrx_word' id='word_1_287' title='bbox 1346 1267 1618 1316; x_wconf 77' lang='lat' dir='ltr'>ignoscendum</span> 
     </span>
     <span class='ocr_line' id='line_1_63' title="bbox 880 1324 1618 1377; baseline 0.008 -15"><span class='ocrx_word' id='word_1_288' title='bbox 880 1324 1091 1376; x_wconf 82' lang='lat' dir='ltr'>praeberet,</span> <span class='ocrx_word' id='word_1_289' title='bbox 1123 1324 1337 1362; x_wconf 79' lang='lat' dir='ltr'>verebatur.</span> <span class='ocrx_word' id='word_1_290' title='bbox 1379 1326 1481 1377; x_wconf 91' lang='lat' dir='ltr'>quod</span> <span class='ocrx_word' id='word_1_291' title='bbox 1504 1329 1618 1369; x_wconf 81' lang='lat' dir='ltr'>etiam</span> 
     </span>
     <span class='ocr_line' id='line_1_64' title="bbox 881 1378 1616 1438; baseline 0.007 -20"><span class='ocrx_word' id='word_1_292' title='bbox 881 1379 984 1418; x_wconf 85' lang='lat' dir='ltr'>locus</span> <span class='ocrx_word' id='word_1_293' title='bbox 1018 1378 1083 1418; x_wconf 89' lang='lat' dir='ltr'>ille</span> <span class='ocrx_word' id='word_1_294' title='bbox 1120 1382 1316 1419; x_wconf 83' lang='lat' dir='ltr'>confirmat</span> <span class='ocrx_word' id='word_1_295' title='bbox 1352 1382 1393 1419; x_wconf 90' lang='lat' dir='ltr'>in</span> <span class='ocrx_word' id='word_1_296' title='bbox 1442 1385 1545 1436; x_wconf 89' lang='lat' dir='ltr'>epist.</span> <span class='ocrx_word' id='word_1_297' title='bbox 1575 1391 1616 1438; x_wconf 67' lang='lat'>7&#39;.</span> 
     </span>
     <span class='ocr_line' id='line_1_65' title="bbox 880 1435 1618 1495; baseline 0.012 -23"><span class='ocrx_word' id='word_1_298' title='bbox 880 1438 1074 1483; x_wconf 68' lang='lat' dir='ltr'>Intellexi,</span> <span class='ocrx_word' id='word_1_299' title='bbox 1098 1437 1195 1475; x_wconf 74' lang='lat' dir='ltr'>m‘hd</span> <span class='ocrx_word' id='word_1_300' title='bbox 1217 1435 1330 1476; x_wconf 85' lang='lat' dir='ltr'>aliud</span> <span class='ocrx_word' id='word_1_301' title='bbox 1343 1435 1416 1492; x_wconf 72' lang='lat' dir='ltr'>effi,</span> <span class='ocrx_word' id='word_1_302' title='bbox 1431 1439 1534 1495; x_wconf 79' lang='lat' dir='ltr'><em>quod</em></span> <span class='ocrx_word' id='word_1_303' title='bbox 1548 1442 1618 1481; x_wconf 84' lang='lat' dir='ltr'>du-</span> 
     </span>
     <span class='ocr_line' id='line_1_66' title="bbox 878 1489 1617 1552; baseline 0.007 -20"><span class='ocrx_word' id='word_1_304' title='bbox 878 1493 1100 1532; x_wconf 73' lang='lat' dir='ltr'>bitationem</span> <span class='ocrx_word' id='word_1_305' title='bbox 1121 1489 1281 1544; x_wconf 57' lang='lat' dir='ltr'>afferret</span> <span class='ocrx_word' id='word_1_306' title='bbox 1302 1496 1345 1539; x_wconf 80' lang='lat' dir='ltr'>ei,</span> <span class='ocrx_word' id='word_1_307' title='bbox 1365 1507 1478 1546; x_wconf 67' lang='lat' dir='ltr'>penes⁸</span> <span class='ocrx_word' id='word_1_308' title='bbox 1506 1512 1617 1552; x_wconf 73' lang='lat' dir='ltr'>quem</span> 
     </span>
     <span class='ocr_line' id='line_1_67' title="bbox 879 1549 1617 1605; baseline 0.009 -17"><span class='ocrx_word' id='word_1_309' title='bbox 879 1549 926 1602; x_wconf 81' lang='lat' dir='ltr'>est</span> <span class='ocrx_word' id='word_1_310' title='bbox 939 1550 1111 1605; x_wconf 58' lang='lat' dir='ltr'>potestas„</span> <span class='ocrx_word' id='word_1_311' title='bbox 1129 1549 1323 1605; x_wconf 70' lang='lat' dir='ltr'>ngst&#39;quocl</span> <span class='ocrx_word' id='word_1_312' title='bbox 1339 1557 1550 1602; x_wconf 75' lang='lat' dir='ltr'>vereretur,</span> <span class='ocrx_word' id='word_1_313' title='bbox 1569 1570 1617 1597; x_wconf 84' lang='lat' dir='ltr'>ne</span> 
     </span>
     <span class='ocr_line' id='line_1_68' title="bbox 877 1606 1616 1665; baseline 0 -19"><span class='ocrx_word' id='word_1_314' title='bbox 877 1618 922 1647; x_wconf 87' lang='lat' dir='ltr'>tu</span> <span class='ocrx_word' id='word_1_315' title='bbox 942 1608 1045 1646; x_wconf 84' lang='lat' dir='ltr'><em>illud</em></span> <span class='ocrx_word' id='word_1_316' title='bbox 1059 1606 1274 1659; x_wconf 82' lang='lat' dir='ltr'>beneficium</span> <span class='ocrx_word' id='word_1_317' title='bbox 1294 1609 1442 1647; x_wconf 82' lang='lat' dir='ltr'>omnino</span> <span class='ocrx_word' id='word_1_318' title='bbox 1456 1623 1531 1650; x_wconf 85' lang='lat' dir='ltr'>non</span> <span class='ocrx_word' id='word_1_319' title='bbox 1547 1624 1616 1665; x_wconf 88' lang='lat' dir='ltr'>pu..</span> 
     </span>
     <span class='ocr_line' id='line_1_69' title="bbox 878 1675 996 1704; baseline -0.017 0"><span class='ocrx_word' id='word_1_320' title='bbox 878 1675 996 1704; x_wconf 71' lang='lat' dir='ltr'>tures.</span> 
     </span>
    </p>
   </div>
   <div class='ocr_carea' id='block_1_8' title="bbox 877 1733 1615 1900">
    <p class='ocr_par' dir='ltr' id='par_1_15' title="bbox 877 1733 1615 1900">
     <span class='ocr_line' id='line_1_70' title="bbox 938 1733 1615 1793; baseline 0.004 -22"><span class='ocrx_word' id='word_1_321' title='bbox 938 1733 1079 1772; x_wconf 71' lang='lat' dir='ltr'>Carere</span> <span class='ocrx_word' id='word_1_322' title='bbox 1092 1735 1246 1785; x_wconf 78' lang='lat' dir='ltr'>patria]</span> <span class='ocrx_word' id='word_1_323' title='bbox 1304 1737 1398 1775; x_wconf 91' lang='lat' dir='ltr'>Non</span> <span class='ocrx_word' id='word_1_324' title='bbox 1425 1741 1532 1778; x_wconf 89' lang='lat' dir='ltr'>omni</span> <span class='ocrx_word' id='word_1_325' title='bbox 1552 1753 1615 1793; x_wconf 85' lang='lat' dir='ltr'>pa.</span> 
     </span>
     <span class='ocr_line' id='line_1_71' title="bbox 879 1788 1615 1859; baseline 0.012 -30"><span class='ocrx_word' id='word_1_326' title='bbox 879 1792 964 1859; x_wconf 45' lang='lat' dir='ltr'>ttria,</span> <span class='ocrx_word' id='word_1_327' title='bbox 985 1788 1046 1828; x_wconf 89' lang='lat' dir='ltr'>sed</span> <span class='ocrx_word' id='word_1_328' title='bbox 1069 1790 1150 1837; x_wconf 86' lang='lat' dir='ltr'>hae,</span> <span class='ocrx_word' id='word_1_329' title='bbox 1184 1792 1235 1833; x_wconf 85' lang='lat' dir='ltr'>ob</span> <span class='ocrx_word' id='word_1_330' title='bbox 1267 1792 1435 1833; x_wconf 82' lang='lat' dir='ltr'>amiss&#39;am</span> <span class='ocrx_word' id='word_1_331' title='bbox 1461 1793 1615 1838; x_wconf 83' lang='lat' dir='ltr'>liberta-</span> 
     </span>
     <span class='ocr_line' id='line_1_72' title="bbox 877 1846 1200 1900; baseline 0.003 -14"><span class='ocrx_word' id='word_1_332' title='bbox 877 1857 953 1886; x_wconf 86' lang='lat' dir='ltr'>tem</span> <span class='ocrx_word' id='word_1_333' title='bbox 979 1846 1200 1900; x_wconf 84' lang='lat' dir='ltr'>miserrima.</span> 
     </span>
    </p>
   </div>
   <div class='ocr_carea' id='block_1_9' title="bbox 876 1907 1616 2143">
    <p class='ocr_par' dir='ltr' id='par_1_16' title="bbox 876 1907 1616 2143">
     <span class='ocr_line' id='line_1_73' title="bbox 935 1907 1616 1972; baseline 0.01 -15"><span class='ocrx_word' id='word_1_334' title='bbox 935 1917 1134 1969; x_wconf 71' lang='lat' dir='ltr'>Cotfitlere</span> <span class='ocrx_word' id='word_1_335' title='bbox 1162 1907 1403 1972; x_wconf 62' lang='lat' dir='ltr'>temporibus]</span> <span class='ocrx_word' id='word_1_336' title='bbox 1446 1924 1496 1961; x_wconf 89' lang='lat' dir='ltr'>Ea</span> <span class='ocrx_word' id='word_1_337' title='bbox 1519 1923 1616 1964; x_wconf 77' lang='lat' dir='ltr'>face-</span> 
     </span>
     <span class='ocr_line' id='line_1_74' title="bbox 877 1978 1615 2031; baseline 0.012 -19"><span class='ocrx_word' id='word_1_338' title='bbox 877 1989 932 2022; x_wconf 85' lang='lat' dir='ltr'>re,</span> <span class='ocrx_word' id='word_1_339' title='bbox 956 1988 1054 2027; x_wconf 87' lang='lat' dir='ltr'>quae</span> <span class='ocrx_word' id='word_1_340' title='bbox 1071 1984 1286 2028; x_wconf 83' lang='lat' dir='ltr'>temporum</span> <span class='ocrx_word' id='word_1_341' title='bbox 1303 1978 1415 2023; x_wconf 86' lang='lat' dir='ltr'>ratio,</span> <span class='ocrx_word' id='word_1_342' title='bbox 1440 1992 1538 2031; x_wconf 88' lang='lat' dir='ltr'>quae</span> <span class='ocrx_word' id='word_1_343' title='bbox 1556 1984 1615 2020; x_wconf 86' lang='lat' dir='ltr'>in·</span> 
     </span>
     <span class='ocr_line' id='line_1_75' title="bbox 877 2030 1614 2081; baseline 0.012 -12"><span class='ocrx_word' id='word_1_344' title='bbox 877 2030 1088 2078; x_wconf 78' lang='lat' dir='ltr'>columitas,</span> <span class='ocrx_word' id='word_1_345' title='bbox 1106 2043 1142 2071; x_wconf 89' lang='lat' dir='ltr'>et</span> <span class='ocrx_word' id='word_1_346' title='bbox 1164 2034 1252 2081; x_wconf 79' lang='lat' dir='ltr'>vita,</span> <span class='ocrx_word' id='word_1_347' title='bbox 1274 2042 1310 2071; x_wconf 87' lang='lat' dir='ltr'>et</span> <span class='ocrx_word' id='word_1_348' title='bbox 1329 2033 1505 2075; x_wconf 85' lang='lat' dir='ltr'>fortunae</span> <span class='ocrx_word' id='word_1_349' title='bbox 1528 2049 1614 2079; x_wconf 88' lang='lat' dir='ltr'>tuae</span> 
     </span>
     <span class='ocr_line' id='line_1_76' title="bbox 876 2088 1077 2143; baseline 0 -15"><span class='ocrx_word' id='word_1_350' title='bbox 876 2088 1077 2143; x_wconf 86' lang='lat' dir='ltr'>postulant.</span> 
     </span>
    </p>
   </div>
   <div class='ocr_carea' id='block_1_10' title="bbox 871 2157 1615 2499">
    <p class='ocr_par' dir='ltr' id='par_1_17' title="bbox 871 2157 1615 2499">
     <span class='ocr_line' id='line_1_77' title="bbox 930 2157 1614 2217; baseline 0.004 -19"><span class='ocrx_word' id='word_1_351' title='bbox 930 2157 1214 2210; x_wconf 84' lang='lat' dir='ltr'>Incolumitati]</span> <span class='ocrx_word' id='word_1_352' title='bbox 1227 2160 1356 2198; x_wconf 89' lang='lat' dir='ltr'>Latius</span> <span class='ocrx_word' id='word_1_353' title='bbox 1369 2172 1484 2214; x_wconf 84' lang='lat' dir='ltr'>patet,</span> <span class='ocrx_word' id='word_1_354' title='bbox 1498 2178 1614 2217; x_wconf 77' lang='lat' dir='ltr'>quam</span> 
     </span>
     <span class='ocr_line' id='line_1_78' title="bbox 873 2217 1615 2267; baseline 0.011 -13"><span class='ocrx_word' id='word_1_355' title='bbox 873 2217 976 2255; x_wconf 80' lang='lat' dir='ltr'>vitae</span> <span class='ocrx_word' id='word_1_356' title='bbox 1023 2228 1176 2254; x_wconf 89' lang='lat' dir='ltr'>nomen.</span> <span class='ocrx_word' id='word_1_357' title='bbox 1215 2229 1302 2254; x_wconf 90' lang='lat' dir='ltr'>nam</span> <span class='ocrx_word' id='word_1_358' title='bbox 1352 2218 1615 2267; x_wconf 81' lang='lat' dir='ltr'>incolumitate</span> 
     </span>
     <span class='ocr_line' id='line_1_79' title="bbox 873 2272 1614 2324; baseline 0.012 -13"><span class='ocrx_word' id='word_1_359' title='bbox 873 2274 985 2311; x_wconf 84' lang='lat' dir='ltr'>status</span> <span class='ocrx_word' id='word_1_360' title='bbox 1017 2286 1147 2311; x_wconf 86' lang='lat' dir='ltr'>rerum</span> <span class='ocrx_word' id='word_1_361' title='bbox 1176 2272 1375 2313; x_wconf 80' lang='lat' dir='ltr'>vniuersus</span> <span class='ocrx_word' id='word_1_362' title='bbox 1412 2276 1614 2324; x_wconf 80' lang='lat' dir='ltr'>indicatur.</span> 
     </span>
     <span class='ocr_line' id='line_1_80' title="bbox 873 2330 1613 2388; baseline 0.004 -20"><span class='ocrx_word' id='word_1_363' title='bbox 873 2330 1076 2369; x_wconf 83' lang='lat' dir='ltr'>Subiunxit</span> <span class='ocrx_word' id='word_1_364' title='bbox 1094 2338 1234 2375; x_wconf 85' lang='lat' dir='ltr'>autem,</span> <span class='ocrx_word' id='word_1_365' title='bbox 1266 2341 1305 2368; x_wconf 83' lang='lat' dir='ltr'>et</span> <span class='ocrx_word' id='word_1_366' title='bbox 1323 2333 1442 2380; x_wconf 83' lang='lat' dir='ltr'>vitae,</span> <span class='ocrx_word' id='word_1_367' title='bbox 1470 2345 1509 2373; x_wconf 79' lang='lat' dir='ltr'>et</span> <span class='ocrx_word' id='word_1_368' title='bbox 1523 2338 1613 2388; x_wconf 79' lang='lat' dir='ltr'>for.</span> 
     </span>
     <span class='ocr_line' id='line_1_81' title="bbox 871 2388 1613 2438; baseline 0.011 -13"><span class='ocrx_word' id='word_1_369' title='bbox 871 2388 990 2433; x_wconf 74' lang='lat' dir='ltr'><em>tun-is,</em></span> <span class='ocrx_word' id='word_1_370' title='bbox 1010 2397 1063 2433; x_wconf 88' lang='lat' dir='ltr'>vt,</span> <span class='ocrx_word' id='word_1_371' title='bbox 1084 2399 1180 2438; x_wconf 89' lang='lat' dir='ltr'>quae</span> <span class='ocrx_word' id='word_1_372' title='bbox 1205 2388 1318 2425; x_wconf 86' lang='lat' dir='ltr'>vnico</span> <span class='ocrx_word' id='word_1_373' title='bbox 1337 2392 1495 2429; x_wconf 88' lang='lat' dir='ltr'>nomine</span> <span class='ocrx_word' id='word_1_374' title='bbox 1511 2407 1613 2432; x_wconf 87' lang='lat' dir='ltr'>eom-</span> 
     </span>
     <span class='ocr_line' id='line_1_82' title="bbox 872 2440 1610 2499; baseline 0.011 -18"><span class='ocrx_word' id='word_1_375' title='bbox 872 2442 1149 2496; x_wconf 87' lang='lat' dir='ltr'>prehenderat,</span> <span class='ocrx_word' id='word_1_376' title='bbox 1184 2440 1332 2482; x_wconf 89' lang='lat' dir='ltr'>duobus</span> <span class='ocrx_word' id='word_1_377' title='bbox 1359 2449 1610 2499; x_wconf 84' lang='lat' dir='ltr'>exprimeret:</span> 
     </span>
    </p>
   </div>
   <div class='ocr_carea' id='block_1_11' title="bbox 852 2501 1611 2561">
    <p class='ocr_par' dir='ltr' id='par_1_18' title="bbox 852 2501 1611 2561">
     <span class='ocr_line' id='line_1_83' title="bbox 852 2501 1611 2561; baseline 0.012 -25"><span class='ocrx_word' id='word_1_378' title='bbox 852 2513 950 2552; x_wconf 70' lang='lat' dir='ltr'>,quo</span> <span class='ocrx_word' id='word_1_379' title='bbox 967 2501 1099 2549; x_wconf 79' lang='lat' dir='ltr'>magis,</span> <span class='ocrx_word' id='word_1_380' title='bbox 1126 2513 1169 2538; x_wconf 90' lang='lat' dir='ltr'>re</span> <span class='ocrx_word' id='word_1_381' title='bbox 1194 2510 1282 2538; x_wconf 82' lang='lat' dir='ltr'>ante</span> <span class='ocrx_word' id='word_1_382' title='bbox 1309 2501 1441 2542; x_wconf 82' lang='lat' dir='ltr'>oculos</span> <span class='ocrx_word' id='word_1_383' title='bbox 1468 2517 1611 2561; x_wconf 82' lang='lat' dir='ltr'>propo-</span> 
     </span>
    </p>
   </div>
   <div class='ocr_carea' id='block_1_12' title="bbox 870 2553 1421 2604">
    <p class='ocr_par' dir='ltr' id='par_1_19' title="bbox 870 2553 1421 2604">
     <span class='ocr_line' id='line_1_84' title="bbox 870 2553 1421 2604; baseline 0.007 -8"><span class='ocrx_word' id='word_1_384' title='bbox 870 2558 948 2604; x_wconf 85' lang='lat' dir='ltr'>fita,</span> <span class='ocrx_word' id='word_1_385' title='bbox 965 2553 1168 2597; x_wconf 78' lang='lat' dir='ltr'>Marcellus</span> <span class='ocrx_word' id='word_1_386' title='bbox 1186 2570 1421 2600; x_wconf 83' lang='lat' dir='ltr'>moueretur.</span> 
     </span>
    </p>
   </div>
   <div class='ocr_carea' id='block_1_13' title="bbox 1364 2853 1607 2908">
    <p class='ocr_par' dir='ltr' id='par_1_20' title="bbox 1364 2853 1607 2908">
     <span class='ocr_line' id='line_1_85' title="bbox 1364 2853 1607 2908; baseline 0.021 -14"><span class='ocrx_word' id='word_1_387' title='bbox 1364 2853 1607 2908; x_wconf 33' lang='grc' dir='ltr'>ειη-ετο-</span> 
     </span>
    </p>
   </div>
  </div>
 </body>
</html>
