1863 3172
198 143 278 197 568

203 251 364 298 faceret,
396 258 438 289 vt
468 245 565 285 duae
594 253 745 285 tantum
778 239 950 293 reliquae

201 306 430 352 consulares,
451 301 592 349 Gallia,
612 310 650 340 et
668 301 787 346 Syria,
811 300 852 337 in
872 296 950 337 sor·

198 374 276 407 tem
294 364 501 408 cornicem,
523 361 583 407 iis,
605 357 746 411 quibus
775 352 951 394 obuenis-

205 422 300 469 sent,
316 419 576 459 traderentur:
605 412 718 467 quod
734 414 787 452 ita
807 410 949 450 fae‘mm

203 481 266 518 est.
288 490 423 517 verum
453 475 544 513 haec
564 468 709 521 fingula
734 466 950 508 debilitauit

203 551 246 575 ac
267 532 410 574 sustulit
437 529 672 570 interceffio:
700 527 868 582 primum
887 537 944 563 ea-

199 602 270 648 put
298 589 440 630 valuitz
474 597 515 626 vt
555 598 658 625 anno
694 583 870 636 sequenti
898 580 945 620 de

199 649 412 704 prouinciis
434 642 695 684 consularibus
707 639 755 678 ad
775 638 946 679 senatum

201 704 430 745 referretur:
459 715 542 740 cum
561 697 863 739 interceffionem
882 708 946 733 ne-

202 762 394 801 ceffariam
411 757 581 799 Caesaris
602 755 714 794 amici
731 767 811 792 non
840 761 947 805 puta-

199 829 299 864 rent,
320 818 388 871 qui
411 830 490 855 non
512 816 601 853 huic
629 811 779 851 senatus
800 806 948 848 consul-

201 888 256 924 to,
273 889 352 928 quo
372 874 474 912 aetio
503 870 560 909 de·
578 867 790 924 prouinciis
814 863 949 904 consu-

199 933 343 972 laribus
376 929 568 983 sequentis
600 925 694 965 anni
727 920 946 962 consulibus

201 988 476 1033 mandabatur,
505 982 583 1030 sed,
600 983 635 1021 ei
662 981 813 1034 potius,
841 976 947 1032 quod

197 1047 398 1099 sequentes
439 1039 609 1081 consules
645 1037 692 1077 de
723 1036 948 1076 succeffione

200 1103 492 1158 prouinciarum
506 1098 648 1151 'postea
680 1093 863 1140 facerent,
890 1093 949 1132 in·

201 1157 471 1201 tercedendum
496 1152 767 1203 intelligerent.
795 1164 799 1167 “

256 1230 341 1287 ‘Qu‘
358 1226 581 1283 potestatem
608 1220 793 1274 habeant]
814 1263 816 1265 ,
854 1219 950 1267 Tri·

199 1290 328 1328 bunos
375 1283 498 1340 plebis
553 1281 718 1319 maxime
762 1277 951 1326 defigunt,

201 1355 369 1397 quorum
416 1350 497 1380 erat
542 1335 782 1377 interceffio:
819 1347 951 1387 quam-

199 1415 315 1456 quam
335 1395 478 1437 licuiffe
500 1395 678 1435 omnibus
699 1388 950 1436 intercedere,

201 1460 270 1512 qui
290 1455 420 1496 eadem
437 1453 636 1508 potestate,
655 1463 732 1504 qua
749 1450 794 1496 ii,
808 1449 877 1500 qui
899 1446 951 1486 se-

170 1548 177 1553 ,
200 1528 311 1555 natus
335 1509 546 1552 consultum
574 1507 756 1553 facerent,
788 1505 950 1544 maiore-

201 1587 250 1612 ve
278 1569 408 1617 effent,
442 1566 583 1622 scripsit
613 1562 760 1606 Gellius
788 1560 856 1603 lib.
884 1559 951 1614 14.

202 1645 232 1669 c.
252 1641 292 1683 7.

259 1691 541 1739 harada-ndi,
563 1686 813 1744 impediendt]
855 1687 952 1726 Satis

204 1765 299 1802 erat,
321 1748 577 1803 impediendi:
616 1761 696 1801 quo
728 1760 809 1785 vno
828 1744 952 1784 verbo

196 1824 243 1852 >et
263 1808 490 1855 interceffio,
521 1817 559 1845 et
587 1801 777 1858 quidquid
793 1799 938 1856 impedi

203 1880 336 1910 mento
357 1866 479 1921 potest
502 1861 588 1909 effe,
613 1861 842 1900 continetur.
866 1871 955 1897 nam

206 1938 244 1966 et
267 1923 399 1981 pau-llo
417 1922 500 1976 post
522 1919 731 1962 subiunxit,
755 1918 822 1972 qui
840 1917 953 1968 impe·

206 1985 339 2029 aierit,
361 1993 456 2026 non,
475 1980 541 2035 qui
563 1970 820 2027 interceffi’rit,
838 1974 954 2025 impe·

206 2040 337 2081 dia-it.
377 2039 508 2089 itaque
540 2031 745 2086 suspicatus
782 2029 954 2082 quando-

207 2111 282 2151 que
318 2095 413 2141 sum,
444 2086 716 2133 intercedendi,
746 2085 956 2128 abundare.

208 2154 279 2194 Sed
301 2153 374 2191 hoc
404 2159 441 2189 et
471 2147 633 2187 dubium
669 2144 744 2190 est,
777 2154 816 2183 et
841 2143 956 2197 parui

209 2210 346 2251 refert:
383 2209 513 2260 itaque
544 2213 776 2255 magnopere
806 2215 874 2239 nec
903 2198 956 2238 af-

209 2271 336 2313 firmo,
354 2279 435 2311 nec,
454 2265 478 2302 fi
500 2263 585 2315 quis
615 2267 747 2298 contra
769 2256 865 2296 velit
882 2256 954 2295 dis-

208 2335 356 2379 putare,
380 2317 663 2360 contenderim:
691 2313 859 2354 liberum
880 2314 956 2353 cui-

211 2396 287 2436 que
307 2379 490 2418 iudicium
516 2373 770 2427 relinquatur.

264 2468 352 2521 Qaeo
374 2464 500 2503 minus
510 2470 624 2501 ERN.
653 2456 956 2515 Qcamprimum

213 2524 260 2565 de
279 2521 473 2574 republica
503 2516 557 2557 ad
579 2514 761 2569 senatum
793 2509 956 2563 referrz]

214 2585 245 2621 A
268 2593 347 2631 quo
367 2575 648 2630 quamprimum
659 2570 820 2609 referri?
849 2580 896 2606 an
909 2568 958 2607 ab

215 2636 365 2682 eodem,
387 2647 466 2686 quo
488 2630 677 2670 referente
697 2628 771 2664 hoc
791 2624 958 2663 decerni-

217 2696 302 2734 tur?
333 2693 423 2732 atis
454 2691 528 2728 iam
560 2683 767 2728 retulerat,
794 2681 959 2721 senatus-

216 2765 291 2799 que
320 2747 532 2791 censuerat,
566 2752 607 2782 vt
647 2740 838 2794 sequentis
867 2738 960 2776 anni

219 2805 389 2849 consules
419 2817 465 2844 ex
493 2808 580 2842 ante
604 2798 708 2839 diem
733 2794 813 2838 Kal.
842 2797 958 2837 Mart.

420 132 649 179 PAVLLI
684 129 978 173 MANv‘rn
1013 107 1519 169 co'MMENTAmvs

1006 239 1052 280 de
1075 238 1335 280 consularibus
1344 243 1554 293 prouinciis
1575 239 1622 280 ad
1643 239 1746 280 sena·

1004 308 1086 338 tum
1119 295 1319 336 referrent.
1364 296 1411 334 de
1443 300 1576 338 ceteris
1618 308 1747 338 autem

1005 355 1229 410 prouincii5‚
1249 351 1290 390 id
1312 352 1364 391 est
1382 356 1429 392 de
1448 354 1596 402 Cilicia,
1622 354 1746 408 deque

1006 413 1096 452 0610
1117 408 1276 462 reliquis
1299 411 1524 462 prouinciis,
1536 426 1629 465 quas
1641 425 1748 466 prae-

1006 469 1100 508 torii
1124 480 1195 520 pro
1213 476 1390 520 praetore
1409 468 1640 516 obtinerent,
1660 482 1747 508 cum

1001 525 1049 564 ab
1073 525 1209 563 eodem
1229 525 1282 562 M.
1308 522 1490 563 Marcello
1508 524 1670 565 relatum
1694 525 1749 564 es-

1002 581 1069 628 set,
1096 580 1289 619 decretum
1310 581 1374 627 est,
1405 579 1510 633 quod
1536 581 1635 622 infra
1655 581 1746 633 legi-

1001 648 1076 678 tur.
1106 651 1224 690 quare
1254 637 1327 675 hoc
1349 636 1395 676 de
1424 636 1616 690 sequentis
1655 638 1748 680 anni

1004 694 1222 735 consulibus
1242 694 1402 747 accipio,
1434 708 1515 733 non
1545 705 1587 734 vt
1620 709 1753 749 quam-

1004 753 1186 806 primum,
1209 765 1295 790 eum
1311 752 1567 800 magistratum
1586 751 1750 803 iniffent,

1006 808 1070 848 sed
1098 809 1384 861 quamprimum
1413 810 1496 861 post
1526 807 1608 849 Kal.
1635 812 1750 850 Mart.

1006 865 1051 905 de
1073 880 1152 918 quo
1174 864 1235 903 die
1249 863 1347 903 saaca
1368 867 1517 904 mentio
1534 868 1635 905 estin
1647 868 1753 921 prio«

1003 937 1045 963 re
1065 921 1268 969 relatione,
1285 920 1333 960 ad
1357 919 1527 961 senatum
1547 922 1751 964 referrent.

1063 992 1207 1033 Contra
1227 991 1496 1043 rempublicam
1507 992 1655 1049 fesiffi']
1666 998 1754 1035 Hoc

1005 1051 1047 1089 in
1069 1048 1218 1089 senatus
1251 1048 1429 1089 consultis
1458 1051 1643 1092 versiculo
1672 1063 1754 1092 vte·
1816 1062 1817 1065 ’

1005 1107 1160 1155 bantur,
1179 1116 1222 1146 vt
1241 1106 1289 1146 ab
1311 1106 1572 1161 impediemio>
1587 1108 1754 1150 deterre·

1006 1175 1105 1203 rent.
1502 1178 1504 1181 ·

1065 1236 1170 1275 Huic
1176 1235 1342 1286 senatus
1367 1234 1552 1289 confitlto]
1596 1238 1755 1280 Senatus

1008 1288 1171 1331 consulti
1198 1301 1324 1345 partes
1352 1292 1515 1342 senatus
1543 1296 1756 1345 conficltum

1008 1358 1135 1393 vocat,
1157 1358 1198 1387 vt
1223 1349 1342 1403 legem
1361 1362 1433 1401 pro
1459 1347 1551 1397 legis
1575 1354 1697 1406 capite
1712 1355 1756 1393 in

1009 1416 1105 1445 orat.
1127 1419 1199 1459 pro
1221 1404 1401 1444 Cluentio
1435 1420 1465 1444 c.
1480 1417 1543 1459 54.

1065 1474 1355 1516 Aufiloritatem
1379 1475 1584 1529 petscribi]
1669 1481 1757 1519 Hoc

1008 1530 1120 1586 quale
1139 1531 1270 1580 fuerit,
1295 1535 1374 1571 iam
1402 1533 1647 1575 ostendimus.
1684 1538 1756 1576 ite·

1008 1604 1093 1630 rare
1114 1589 1245 1629 eadem
1273 1604 1354 1629 non
1374 1588 1506 1642 placet.

1059 1647 1124 1687 De
1145 1662 1190 1687 ea
1205 1647 1267 1701 re]
1297 1650 1356 1686 De
1382 1647 1658 1687 interceffione.

1063 1702 1241 1756 Referri]
1294 1708 1326 1743 A
1355 1702 1585 1751 consulibus,
1603 1713 1757 1758 praeto·

1007 1760 1128 1809 ribus,
1160 1761 1327 1800 tribunis
1360 1759 1497 1815 plebis,
1519 1763 1660 1814 quibus
1689 1776 1758 1803 eo·

1009 1832 1096 1857 rum
1124 1816 1335 1857 videretur.

1064 1890 1110 1929 P.
1133 1888 1347 1942 Cornelius]
1394 1887 1581 1937 Plebeius,
1606 1892 1756 1932 eum‘fit

1009 1946 1187 1986 tribunus
1209 1945 1343 2000 plebis.
1366 1947 1517 1985 Patricii
1536 1961 1631 1986 vero
1662 1950 1758 1987 Cor-

1010 2002 1116 2050 nelii,
1146 2002 1312 2050 Lentuli,
1339 2004 1545 2057 Scipiones,
1575 2003 1756 2044 Dolabel-

1010 2059 1083 2107 lae,
1129 2058 1207 2099 alii.
1252 2059 1363 2115 plura
1414 2059 1579 2100 diximus
1625 2060 1692 2102 lib.
1716 2073 1754 2104 1.

1012 2118 1115 2171 epist.
1140 2127 1174 2157 ι.

1069 2175 1107 2213 C.
1132 2173 1268 2214 Vibius
1287 2171 1436 2225 Pansa]
1466 2176 1600 2222 Antea,
1613 2174 1758 2223 Iulius,

1012 2229 1204 2271 mendose.
1233 2232 1300 2283 qui
1329 2228 1472 2277 consul,
1492 2241 1648 2271 mortuo
1662 2233 1757 2271 Cae-

1012 2286 1106 2334 sare,
1129 2286 1202 2326 fuit
1228 2302 1312 2325 cum
1333 2290 1375 2326 A.
1396 2289 1538 2327 Hirtio.

1070 2344 1267 2396 Stipendia
1284 2343 1464 2397 emerita]
1521 2347 1677 2385 Emeriti
1697 2346 1759 2386 sti-

1013 2400 1153 2454 pendia
1173 2399 1313 2440 milites
1333 2400 1569 2450 dicebantur,
1598 2405 1665 2455 qui
1689 2416 1761 2457 per

1013 2471 1135 2496 annos
1168 2456 1297 2496 decem
1325 2456 1561 2498 militassent:
1589 2469 1759 2513 tuncque

1015 2513 1247 2554 sacramento
1269 2513 1578 2563 exsoluebantur‚
1603 2525 1645 2556 vt
1664 2531 1759 2556 one-

1014 2572 1121 2612 ribus
1140 2570 1300 2611 militiae
1321 2581 1509 2611 vacarent.

1073 2625 1242 2681 Cauffizs]
1284 2632 1332 2668 Vt
1350 2628 1542 2674 morbum,
1562 2630 1760 2669 infirmita-

1015 2694 1092 2724 tem
1126 2684 1370 2732 valetudinis,
1399 2694 1465 2723 aut
1504 2684 1671 2738 aliquam
1699 2688 1757 2727 rei

1016 2741 1242 2781 domesticae
1265 2740 1545 2787 difficultatum
1584 2756 1676 2796 quas
1704 2744 1757 2782 ob

1016 2797 1155 2840 caussas
1185 2798 1309 2840 abesse
1344 2797 1461 2840 domo
1498 2812 1578 2841 non
1614 2798 1758 2839 liceret.

1624 2858 1757 2898 Liuius

1843 651 1856 675 ,1-

1840 801 1863 947 κει-ιω
1856 710 1857 715 Α
1855 686 1859 689 ›
