1863 3172
220 176 226 185 Χ
279 181 348 223 IN
387 182 503 222 CIC.
533 181 725 223 EPIST.
754 182 890 223 FAM.
929 180 1110 224 Lim-11.
1142 179 1332 222 EPIST.
1355 182 1474 225 XVII.

61 296 120 346 ,de
140 295 257 341 ‘eaelo
292 294 478 339 seruaret;
519 295 654 335 caesar
680 305 819 342 autem,

64 349 298 406 *contemptis
327 353 522 406 auspiciiS‚
554 351 674 391 nihilo
704 351 818 391 secius

69 410 193 463 legem
231 408 427 464 perferret.
485 411 709 456 Suetonius,
738 407 819 447 Plu-

70 469 236 514 tarclms,
260 465 338 507 alii.

126 536 327 590 Apamea]
388 538 513 576 Probo
561 538 817 576 coniceturam

69 610 219 643 eorum,
231 597 299 648 qui
313 595 527 647 Epiphanea
545 592 676 643 legunt
691 611 697 632 :
719 607 817 646 quae

70 665 150 694 erat
177 655 267 692 vrbs
317 649 487 704 periculo
529 651 688 690 Parthici
725 649 817 690 belli

71 710 195 751 multo
216 709 484 763 propinquior,
504 721 617 760 quam
639 711 815 760 Apamea.

71 771 128 808 De
161 772 325 820 Apamea
361 767 493 804 strabo
523 764 588 804 lib.
618 768 736 807 16.ct
764 767 817 804 ait

73 824 147 865 effe
176 823 364 862 conditam
393 835 413 860 a
442 820 598 861 Seleuco
618 823 817 870 Nicatore,

73 886 354 936 Apameamque
395 879 441 917 ab
465 881 544 917 eius
584 881 715 918 vxoris
751 894 819 919 uo-

73 941 178 979 mine
191 946 459 989 nuncupatam.
485 936 818 986 eandemPhrygia-

63 1011 158 1036 -rum
177 995 333 1034 vrbium
342 994 557 1040 maximam,
569 1004 605 1032 et
617 1008 819 1033 commune

73 1055 309 1092 Graecorum
329 1048 592 1103 Ital'orumque
612 1050 821 1104 hospitium

71 1108 191 1151 fuisse,
214 1107 481 1160 conditamque
500 1122 579 1146 non
610 1123 630 1147 a
651 1107 822 1156 Seleuco,

57 1166 135 1206 ·sed
154 1167 201 1205 ab
219 1168 301 1204 eius
321 1164 404 1204 filio
427 1166 630 1214 Antiocho,
644 1181 664 1205 a
683 1165 719 1205 se
738 1165 820 1219 ipso

75 1223 292 1263 dissentiens
314 1225 367 1261 ait
388 1221 452 1260 lib.
482 1234 540 1264 12.

97 1301 99 1303 ¹
131 1277 311 1331 Deduci]
343 1282 465 1318 Ame.

119 1332 226 1377 >Non
259 1333 484 1391 oportm'sst]
517 1335 578 1375 Ob
587 1332 822 1387 irruptiones

75 1394 316 1435 Parthorum.

132 1463 307 1518 Ceteros]
339 1460 486 1508 Malim,
505 1472 636 1509 certos,
659 1471 700 1500 vt
722 1461 824 1499 estin

78 1522 227 1561 duobus
247 1522 414 1572 antiquis
435 1518 566 1558 libris:
593 1533 642 1557 ne
661 1519 703 1557 sit
724 1531 821 1556 com-

13 1612 21 1626 ,
78 1581 203 1618 munis
243 1580 444 1624 omnium,
487 1574 549 1613 sed
583 1574 827 1628 quorundam

79 1647 224 1675 tantum
243 1636 376 1688 opinio
403 1632 449 1671 de
464 1633 650 1685 praesidio
671 1646 749 1671 non
765 1631 827 1670 de-

79 1691 267 1732 ducendo.
299 1690 444 1744 alioqui
491 1691 619 1741 paucis
659 1689 827 1728 versibus

79 1752 286 1804 pugnantia
299 1748 543 1801 loqueretur:
575 1761 658 1785 cum
677 1745 829 1785 subiun-

80 1821 161 1857 gat:
203 1808 344 1845 Omnia
373 1802 594 1857 pracss'dia,
625 1814 830 1843 commotus

83 1865 281 1906 hominum
320 1875 397 1902 non
424 1859 540 1900 dubio
555 1860 744 1911 strmone,
774 1858 832 1900 cli-

81 1920 182 1973 misi.

140 1977 277 2018 Minus
303 1973 525 2027 c‘ommodos]
571 1974 670 2012 Cum
705 1969 833 2023 aliqua

80 2031 326 2079 contumelia,
347 2046 481 2086 parum
516 2040 656 2080 gratos.
715 2029 836 2067 Litte-

81 2107 151 2131 rae
173 2089 407 2138 commodae,
443 2088 540 2127 dixit
565 2086 632 2127 lib.
654 2097 690 2138 3.
719 2085 767 2124 ad
786 2087 842 2134 Q

83 2150 145 2188 Fr.
170 2148 275 2201 epist.
314 2158 347 2187 1.

144 2216 420 2270 Trmgfi'erint]
459 2215 712 2270 Euphratem,
766 2213 833 2252 do-

84 2289 191 2314 mum
206 2274 420 2314 redeunte&
451 2275 696 2312 confirmatur
716 2268 832 2317 infra,

85 2334 133 2370 iis
154 2332 296 2378 verbis,
316 2342 517 2371 commotus
549 2330 741 2368 hominum
760 2341 834 2366 non

86 2387 208 2429 dubio
222 2389 412 2439 sermone,
430 2386 568 2440 dimzfi.
626 2384 833 2438 Euphrates

83 2456 215 2484 autem
244 2446 396 2498 imperii
427 2444 590 2483 Romani
618 2440 665 2480 ad
698 2442 834 2480 Orien-

87 2512 165 2542 tem
185 2503 367 2540 terminus
386 2499 468 2540 fuit.

146 2573 287 2611 Omnia
316 2569 543 2625 praesidia]
601 2573 695 2610 Non
738 2571 834 2624 Apa-

88 2643 195 2669 meae
226 2639 387 2677 tantum,
421 2627 485 2668 sed
530 2627 622 2668 locis
657 2624 832 2682 pluribus

89 2684 286 2728 collocata.
463 2714 466 2715 γ

149 2743 302 2798 Magna
337 2753 371 2781 et
379 2741 533 2795 firma]
557 2741 713 2798 Magna
735 2738 834 2779 mili-

93 2809 174 2840 tum
205 2812 390 2845 numer03
402 2799 545 2854 firma,
569 2797 638 2841 vsu
663 2796 768 2849 bell-i,
796 2806 835 2838 et

91 2854 329 2898 fortitudine.

1534 194 1612 240 ¹95

935 296 1019 334 Mei
1037 294 1269 350 quaestoris]
1300 299 1392 337 Non
1413 298 1457 339 C.
1479 297 1620 347 Coelii,

876 350 938 390 sed
961 351 1144 392 Mescinii.
1174 354 1278 406 quod
1307 369 1351 394 ex
1372 353 1438 395 lib.
1463 368 1500 410 5.
1519 359 1621 410 epist.

877 418 942 448 20.
973 419 1010 447 et
1038 407 1103 448 lib.
1129 420 1192 462 13.
1224 412 1327 465 epist.
1364 415 1431 456 26.
1483 427 1622 465 eogno-

875 462 1000 503 scitur.

930 519 1148 573 Apameae]
1189 524 1245 561 De
1277 526 1442 576 Apamea
1461 528 1538 567 iam
1557 529 1622 569 sta·

875 587 1023 627 tuerat,
1064 577 1236 617 nondum
1263 579 1417 621 fortasse
1449 583 1498 623 de
1522 588 1619 626 Lao-

876 634 991 674 dicea.
1020 634 1126 688 quod
1145 635 1234 674 ideo
1258 635 1358 684 dico,
1370 641 1460 691 quia
1480 639 1540 681 lex
1559 646 1620 683 Iu-

875 690 924 731 lia
948 693 1115 732 rationes
1129 690 1271 746 deponi
1289 708 1366 734 non
1381 697 1481 749 apud
1493 712 1620 749 Vnam,

876 747 938 788 sed
965 747 1066 803 apud
1085 748 1176 788 duas
1203 752 1373 791 ciuitates
1394 755 1563 804 iubebat,
1582 770 1620 799 et

876 821 1007 846 earum
1026 805 1240 860 exemplum
1262 808 1308 846 ad
1324 811 1456 849 vrbem
1468 812 1620 856 deferri.

875 866 1006 917 itaque
1035 862 1210 916 deposuit
1241 878 1301 903 eas
1331 869 1466 908 Cicero
1484 871 1622 912 Laodi-

877 936 978 969 ceae,
1005 923 1253 973 etApameac.
1273 921 1338 961 lib.
1352 935 1387 976 5.
1410 928 1512 980 epist.
1521 940 1590 970 20.

935 991 999 1030 De
1014 991 1163 1044 praeda
1176 992 1277 1046 mea]
1291 996 1348 1034 De
1368 1005 1446 1036 tota
1466 999 1620 1052 praeda,

877 1063 940 1089 me
961 1050 1193 1103 imperatore
1205 1050 1316 1090 faeta.

934 1120 1166 1177 qustores
1195 1122 1394 1178 vrbanos]
1423 1126 1480 1166 Ad
1511 1142 1623 1182 quos,

878 1178 1040 1216 Romam
1057 1177 1242 1227 reuersus,
1262 1181 1498 1234 praedam'in
1520 1185 1624 1227 bello

879 1233 1018 1274 fastam
1037 1234 1185 1274 deferre
1216 1239 1414 1287 cogitabat.
1443 1241 1524 1282 hoc*
1545 1258 1627 1284 mo-

881 1291 933 1330 do
963 1292 1291 1341 coniungendum:
1329 1308 1480 1350 praeter
1513 1298 1627 1353 quae·

881 1350 998 1388 stores
1026 1349 1211 1398 vrbanos,
1239 1366 1286 1390 ne
1307 1357 1520 1396 teruncium
1547 1359 1630 1412 qui-

883 1404 968 1444 dem
986 1407 1152 1445 tarsturus
1175 1409 1226 1446 est
1243 1411 1456 1464 quisquam.

940 1475 1127 1527 Populum
1156 1478 1392 1534 Romanum]
1425 1486 1543 1523 Cuius

885 1533 995 1571 cunia
1015 1535 1219 1576 curabatur
1235 1550 1257 1575 a
1291 1541 1552 1591 quaestoribus
1571 1556 1634 1583 vt-

883 1590 1006 1630 banis.

943 1647 1176 1688 'teruncium
1192 1647 1210 1702 ]
1251 1648 1484 1701 Argenteum
1526 1669 1635 1695 num·

886 1717 1004 1751 mum,
1026 1717 1046 1742 a
1068 1705 1191 1744 tribus
1230 1711 1350 1748 vnciis
1378 1710 1634 1764 appellatum:

887 1759 1141 1813 respondebat
1186 1777 1300 1804 aereo
1341 1763 1564 1820 quadranti:
1593 1779 1638 1810 vt

889 1815 978 1856 effet
990 1828 1122 1870 quarta
1140 1833 1226 1872 pars
1238 1819 1389 1863 libellae
1403 1841 1414 1863 .·
1445 1839 1543 1878 quae
1554 1836 1639 1867 erat

890 1886 1090 1923 argenteus
1107 1890 1284 1918 nummus
1296 1909 1308 1928 ,
1329 1882 1381 1919 ita
1403 1885 1638 1931 nominum,

891 1933 981 1984 quia
991 1930 1124 1972 valore
1141 1934 1205 1972 assi
1216 1949 1329 1976 aereo
1347 1937 1474 1978 librali
1485 1939 1641 1994 respon·

892 1988 1010 2027 deret.
1049 1991 1255 2032 imminuto
1289 1996 1416 2046 postea
1442 1997 1523 2035 affis
1542 2011 1639 2050 pon-

893 2045 1006 2092 dere,
1025 2043 1177 2086 libellae
1201 2059 1327 2088 tamen
1354 2062 1463 2091 vetus
1496 2068 1641 2093 nomen

893 2103 1044 2150 mansit,
1066 2103 1195 2143 habita
1217 2108 1367 2146 ratione
1386 2107 1531 2148 libralis
1541 2111 1639 2158 assis,

891 2161 960 2213 qui
972 2162 1162 2214 principio
1183 2165 1328 2203 Romae
1339 2166 1530 2217 percuffus
1546 2169 1610 2206 est.

947 2230 1188 2282 Laodiceae]
1215 2235 1324 2273 Hanc
1353 2237 1489 2275 vrbem
1507 2252 1639 2277 nume·
1695 2283 1697 2285 ¹

892 2300 938 2326 ro
959 2288 1060 2326 inter
1083 2290 1255 2328 Afiaticas
1277 2301 1351 2330 tres
1375 2292 1637 2342 ‹Saomn'aesne‚Ci-

893 2346 1041 2382 ceronis
1062 2345 1226 2398 imperio
1251 2349 1475 2395 attributam
1499 2366 1584 2390 cum
1595 2353 1638 2391 in

892 2414 1027 2438 eorum
1070 2403 1235 2454 imperio
1267 2403 1405 2444 soleret
1443 2405 1538 2454 effe,
1567 2409 1640 2460 qui

891 2458 995 2496 Aliae
1012 2470 1224 2511 praeerant.
1252 2461 1343 2501 vide
1361 2461 1426 2502 lib.
1443 2475 1506 2516 13.
1530 2466 1636 2518 epist.

892 2511 958 2566 67.
1508 2537 1512 2567 ,’

947 2569 1140 2625 praedes]
1169 2575 1433 2627 Vt,quantum
1453 2576 1515 2615 hic
1527 2590 1637 2629 pecu-

891 2627 977 2665 niae
1009 2626 1182 2680 depon0,
1204 2640 1351 2671 tantum
1377 2633 1474 2672 mihi
1491 2635 1638 2674 Romae

892 2697 937 2722 ex
955 2687 1236 2735 permutatione
1252 2700 1486 2735 numeretur.

948 2740 1000 2780 Et
1017 2740 1110 2780 mihi
1125 2752 1163 2781 et
1172 2743 1325 2798 populo]
1343 2748 1431 2785 Eius
1451 2748 1554 2784 enim
1571 2760 1638 2799 pe-

891 2797 1025 2835 cuniae
1033 2810 1120 2851 pars
1137 2799 1185 2838 ad
1197 2800 1332 2853 ipsum,
1343 2801 1491 2854 reliqua
1510 2803 1557 2842 ad
1568 2817 1638 2856 po·

891 2851 1026 2908 pulum
1051 2856 1267 2899 Romanum
1290 2859 1520 2914 pertinebat⁴

949 2911 989 2952 N
1016 2921 1041 2953 2
1424 2913 1636 2958 Dracbmit
