1863 3172
241 112 309 152 IN
337 111 673 167 Cle-EPIST.
703 111 836 150 FAM.
866 110 980 148 LIB.
1007 110 1042 157 L
1070 108 1265 148 EPIST.
1295 111 1341 151 V.

30 225 90 269 fm
113 221 269 280 quoque
299 223 584 272 coniunguntur
613 226 715 278 epist.
737 238 774 278 7.

33 286 80 325 1η
99 284 167 323 hac
184 284 334 322 ratione
355 280 451 336 quid
475 295 546 328 res,
565 284 662 336 quid
671 283 775 332 caus

23 342 86 393 sis,
116 339 211 397 quid
245 351 389 391 tempus
402 336 535 387 ferat,
563 349 608 378 tu
620 339 772 391 facilli-

31 413 89 437 me
111 398 317 452 optimeque
333 394 550 448 petspicies.

87 451 316 505 Eripixztm]
348 456 396 491 Vt
421 452 618 505 Pompeius
645 465 772 501 regem

29 512 196 550 reducat.
223 510 393 564 sequitur
411 510 511 547 enim
526 507 655 561 paullo
667 510 750 562 post
766 526 772 547 :

29 569 97 609 Ad
114 582 221 624 quem
251 579 365 619 prope
392 568 470 605 iam
491 565 661 605 delatum
693 569 770 605 esiss

15 627 223 682 stimatur.
296 631 393 663 Ante
439 621 587 674 aliquot
637 637 773 670 annos,

30 679 151 737 czzqffic
177 683 298 738 regia,
321 677 459 725 sustuli,
475 690 516 717 vt
532 678 722 728 glossema.

90 737 331 790 Descrutnr]
361 738 420 776 Nc
440 738 523 789 quis
535 739 695 776 omnino
717 752 774 776 re-

30 810 116 847 gem
136 795 307 836 reducat:
335 792 440 846 quod
466 804 502 831 et
523 793 687 833 Seruilio
698 793 775 848 pla-

33 856 152 900 cebat,
182 863 222 892 vt
252 852 354 905 epist.
378 862 411 892 1.
438 860 474 889 et
500 854 628 904 postea
651 852 777 892 decre-

31 923 113 950 tum
133 912 183 949 est
203 923 223 948 a
245 908 387 954 senatu,
416 918 456 946 vt
477 909 581 961 epist.
600 922 637 961 7.

89 966 292 1024 Qtt'ddam
309 963 494 1017 tertium]
526 966 628 1013 Qiid
641 966 712 1005 hoc
722 966 777 1014 fit,

32 1023 144 1078 plane
181 1037 259 1062 non
291 1024 467 1075 exponit:
520 1021 581 1060 sed
625 1024 779 1063 videtur

32 1083 256 1132 significare:
288 1080 312 1118 fi
340 1078 523 1118 Lentulus
546 1094 671 1129 regem
700 1095 778 1120 non

32 1138 196 1182 reducat,
226 1151 350 1190 neque
382 1138 469 1182 fibi,
490 1151 614 1189 neque
642 1137 777 1176 Selicio

35 1195 244 1249 displicere,
264 1206 306 1234 vt
325 1208 346 1232 a
369 1196 508 1247 quouis
528 1193 604 1232 alio
634 1198 776 1248 potius,

34 1267 148 1307 quam
169 1267 189 1291 a
212 1253 406 1305 Pompeio,
437 1251 651 1293 reducatur.
710 1255 780 1291 Mi-

33 1324 103 1349 nus
122 1321 247 1349 autem
269 1311 330 1355 est,
344 1323 422 1346 non
444 1307 653 1361 displicere,
666 1322 781 1362 quam

33 1365 201 1421 placere:
250 1380 330 1405 non
361 1367 463 1404 enim
494 1364 656 1404 omnino
704 1366 784 1420 pla-

36 1436 115 1472 cet,
144 1423 250 1477 quod
279 1437 358 1461 non
391 1421 573 1475 displicet.
611 1422 784 1476 placebat

35 1483 226 1528 Ciceroni,
256 1491 296 1520 vt
318 1479 501 1518 Lentulus
524 1493 650 1529 regem
673 1481 783 1523 redu-

36 1550 159 1581 ceret3
189 1537 227 1577 id
247 1538 271 1577 fi
303 1537 470 1576 obtineri
498 1551 577 1575 non
607 1537 740 1591 poss'ct,
760 1553 782 1578 a

37 1597 176 1649 quouis
199 1594 277 1633 alio
314 1596 463 1647 fotiuS,
494 1609 607 1646 quam
634 1609 655 1633 a
676 1597 782 1635 Pom-

37 1655 139 1707 peio,
160 1653 289 1692 reduci
316 1665 394 1689 non
414 1649 644 1704 displicebat.

93 1708 248 1761 lacere]
285 1713 315 1747 A
347 1710 500 1746 nemine
529 1710 684 1751 restitui.
733 1723 782 1748 ne

39 1765 159 1806 caussa
184 1767 287 1816 regia
309 1764 519 1811 deseratur,
540 1768 716 1818 proxime
729 1765 783 1805 di-

2 1852 10 1857 ,
38 1827 113 1863 xit:
139 1822 237 1862 infra
258 1824 456 1871 coniungit
470 1832 675 1877 Vtrumque
698 1837 782 1862 ver-

37 1882 143 1928 bum,
167 1881 354 1933 desertum
363 1880 430 1931 se,
459 1889 575 1934 atque
596 1879 784 1922 abieHum

30 1938 132 1991 fore.

99 1991 220 2034 Nobis
250 1990 583 2047 repugnantibus]
613 1993 783 2031 Primum

0 2050 1 2055 ’
40 2051 315 2106 pugnabimus,
353 2058 393 2088 vt
422 2047 468 2086 ad
499 2058 536 2087 te
568 2047 782 2089 deferatur:

41 2110 94 2148 sin
124 2107 164 2147 id
191 2121 270 2146 non
302 2108 469 2159 poterit,
508 2119 556 2143 ne
588 2105 784 2146 deseratur

40 2165 88 2205 ad
106 2166 341 2218 Pompeium,
361 2163 668 2216 repugnabimus.

96 2218 313 2272 Delatum]
344 2222 395 2259 Ex
415 2219 786 2268 Volcatiisententia‚

43 2279 166 2319 studio
207 2279 370 2316 maxime
412 2277 579 2316 duorum
611 2278 786 2317 tribuno·

43 2351 143 2382 rum,
164 2335 276 2388 Lupi,
298 2335 510 2374 etCaninii.
540 2335 642 2387 epist.
658 2346 691 2374 1.
705 2348 743 2375 2.

103 2395 284 2451 Repuffi]
324 2398 490 2435 Pertinet
518 2396 565 2434 ad
587 2395 682 2435 illud
710 2407 784 2435 ter-

44 2457 154 2502 tium,
183 2452 288 2507 quod
306 2453 372 2492 fibi
381 2467 460 2492 non
473 2451 669 2506 displicere
679 2453 786 2492 dixit:

44 2526 132 2562 rege
165 2513 266 2550 enim
298 2509 345 2548 ad
384 2511 605 2564 Pompeium
646 2509 788 2558 delato,

44 2567 229 2610 Lentulus
263 2565 451 2620 repulsam
493 2566 623 2616 tulisse,
641 2567 788 2606 videre-

45 2636 132 2672 πυτς
156 2626 222 2672 fin,
243 2634 409 2676 vtroque
430 2625 588 2671 reieem,
609 2622 681 2663 alia
698 2638 790 2677 qua-

45 2685 147 2738 piam
164 2683 314 2721 ratione
332 2679 591 2728 reduceretur,
604 2682 790 2722 iaeturam

45 2740 331 2780 existimationis
350 2736 437 2778 suae
468 2736 652 2778 Lentulus
675 2741 716 2778 in
740 2752 788 2778 eo

45 2794 191 2839 nullam
213 2795 365 2837 faceret.
392 2849 395 2853 Δ

1528 119 1577 161 ςῑ

894 222 999 261 Tuae
1018 220 1264 276 fispe'emiae]
1301 222 1387 260 Hoc
1419 234 1465 259 eo
1499 218 1577 275 spe·

833 280 922 325 fiat,
953 294 997 317 ne
1020 280 1204 319 Lentulus
1226 277 1433 318 admodum
1455 276 1577 330 speret

833 338 880 374 de
902 351 987 385 rege
1008 337 1238 376 reducendo.
1298 338 1355 375 Est
1385 345 1510 374 autem
1533 348 1576 373 ea

832 396 979 441 gratior
999 393 1223 442 consulario,
1247 408 1344 447 quae
1363 407 1446 432 cum
1467 391 1577 431 laude

832 452 1089 499 coniungitur.
1132 454 1262 504 itaque
1284 452 1346 490 dat
1380 453 1414 489 ei
1433 449 1575 503 sapien-

832 509 921 546 tiam
952 521 988 547 ct
1014 507 1302 547 fortitudinem:
1331 522 1494 560 quarum
1527 505 1578 546 al-

830 577 911 604 tcra
931 564 1084 613 iudicat,
1095 568 1229 618 quanti
1250 565 1419 618 quidque
1438 565 1577 604 facien-

832 622 923 661 dum
945 623 1007 670 fit3
1044 621 1185 670 altera,
1219 621 1406 675 quidquid
1437 622 1579 661 aecidat

831 679 988 726 aduersa,
1000 678 1110 719 facile
1129 680 1216 726 fert,
1228 690 1342 733 atque
1357 681 1579 721 contemnit.

832 748 1050 791 propterea,
1070 752 1155 777 cum
1171 736 1237 778 lib.
1259 750 1298 791 4.
1321 738 1489 790 epist13.
1511 737 1580 775 Ni-

833 795 977 843 gidium
1008 809 1166 849 quoque
1198 793 1478 840 consolaretur,
1516 792 1579 831 ad·

833 863 966 891 monet
1009 867 1098 892 eum
1119 878 1122 880 -
1156 854 1358 905 Vtriusque
1413 851 1581 890 virtutis.

834 908 1041 965 Qidsit,
1072 910 1211 963 inquit,
1226 908 1346 961 forti,
1364 919 1401 948 et
1411 908 1582 962 sapienti

835 968 981 1006 homine
1006 967 1182 1022 dignum,
1201 978 1245 1006 tu
1271 964 1430 1007 videbis.
1488 966 1582 1004 Ean-

836 1024 922 1062 dem
943 1022 1110 1063 Lentulo
1135 1024 1272 1063 tribuit
1298 1024 1416 1062 animi
1439 1024 1582 1073 magni-

838 1080 1012 1121 tudinem
1033 1082 1187 1135 epist.7.
1207 1095 1294 1119 cum
1315 1083 1391 1120 ait:
1419 1080 1579 1136 IWagni·

838 1137 1011 1178 tudinem
1031 1143 1152 1177 ammi
1171 1139 1249 1185 tui,
1263 1151 1378 1192 quam
1396 1150 1460 1192 ego
1478 1137 1582 1190 fim-

834 1208 905 1248 per
941 1196 1031 1245 sum
1075 1194 1318 1242 admiratus,
1354 1194 1582 1248 stmperque

839 1253 980 1299 amnui,
1002 1267 1048 1291 ne
1066 1265 1246 1306 vmquam
1269 1251 1440 1304 infidias
1462 1253 1585 1291 cuius-

841 1322 953 1363 quam
967 1310 1128 1348 iniuria.
1160 1311 1204 1348 Et
1215 1310 1359 1362 epist.9.
1379 1309 1487 1348 Noui
1499 1309 1581 1347 ani-

841 1378 945 1405 mum
972 1376 1083 1405 tuum
1101 1399 1105 1407 ,
1135 1379 1220 1406 cum
1248 1379 1442 1422 magnum,
1461 1375 1500 1405 et
1519 1378 1581 1404 ex-

839 1423 992 1473 celsam,
1011 1433 1095 1462 tum
1115 1425 1234 1470 etiam
1254 1420 1587 1474 apertutnsstsim·

835 1481 985 1532 plicent.
1056 1482 1100 1518 Et
1130 1482 1169 1518 in
1195 1478 1260 1518 lib.
1292 1478 1338 1517 de
1367 1477 1455 1517 clar.
1486 1488 1584 1518 orat.

842 1551 871 1577 c.
892 1547 960 1589 77.
1004 1536 1155 1576 Tantus
1178 1538 1234 1583 (in
1253 1535 1436 1581 Lentulo)
1460 1536 1586 1575 animi

827 1591 1035 1645 splendor,
1054 1604 1092 1633 et
1120 1604 1233 1633 tanta
1268 1591 1513 1650 magnitudo,
1542 1602 1588 1632 vt

826 1649 913 1703 szi
932 1653 1073 1697 omnia,
1085 1664 1182 1705 quae
1201 1651 1397 1691 clarorum
1413 1651 1587 1690 virorum

839 1703 965 1761 estem,
985 1722 1059 1758 non
1077 1706 1279 1747 dubitaret
1297 1706 1514 1759 adsciscere,
1525 1721 1587 1746 ea·

841 1778 909 1818 que
973 1765 1076 1803 omni
1135 1766 1331 1819 dtgnt'tate
1384 1762 1586 1803 obtineret.

841 1825 1054 1873 Vtrumque
1081 1821 1188 1861 fimul
1215 1822 1432 1860 nominauit
1451 1818 1518 1859 lib.
1550 1823 1590 1863 6.

842 1879 899 1930 epi
907 1879 946 1920 st.
967 1891 983 1919 1
996 1891 1030 1919 Ι.
1089 1877 1153 1931 Est
1164 1890 1257 1919 tuae
1270 1876 1500 1930 sapientiae,
1510 1891 1590 1916 ma·

832 1934 1128 1991 gnitudinisqtee
1157 1937 1301 1982 animi,
1331 1932 1428 1990 quid
1457 1933 1589 1985 amt'fe·

840 1993 908 2034 ris,
941 1991 1138 2042 affuisti,-
1202 1991 1297 2046 quid
1325 1992 1589 2045 recuperaris‚

838 2050 1021 2104 cogitare.

898 2103 1204 2157 Ara-<plitudivem
1222 2114 1261 2144 et
1287 2104 1518 2160 dignitatem
1529 2114 1590 2143 tu·

842 2160 932 2214 am]
961 2162 1082 2201 Modo
1095 2159 1253 2201 alteram
1283 2175 1354 2214 pro
1379 2159 1497 2200 altera
1520 2173 1588 2212 po-

844 2221 914 2265 nit,
933 2230 973 2258 vt
993 2221 1094 2272 epist,
1113 2232 1150 2270 4.
1216 2219 1265 2257 Te
1291 2230 1328 2257 et
1345 2218 1532 2268 senatus,
1549 2227 1590 2257 et

839 2277 968 2328 populi
989 2274 1437 2330 Romnnifitmmqstudio
1456 2273 1591 2326 ampli-

844 2332 1015 2372 tudinem
1045 2345 1152 2372 tuam
1178 2342 1441 2372 retenturum.-
1469 2328 1588 2370 modo

844 2390 1042 2438 coniungit
1088 2401 1301 2441 Vtramque,
1349 2389 1452 2441 quasi
1484 2386 1590 2426 diffe-

844 2458 944 2492 rant,
964 2457 1005 2485 vt
1026 2446 1099 2494 hic,
1121 2457 1157 2485 et
1178 2446 1281 2498 epist.
1300 2458 1336 2496 9.
1352 2447 1392 2483 in
1405 2454 1588 2484 extremo:

845 2502 956 2544 Illud
983 2503 1040 2542 ad
1065 2515 1174 2542 tuam
1183 2512 1379 2553 summam
1408 2502 1591 2555 amplitu-

844 2560 996 2606 dinem,
1034 2558 1287 2615 dzgnitatem‚
1317 2557 1592 2598 liberalitatem

840 2619 1047 2669 pertinere.
1084 2615 1246 2655 Videtur
1279 2624 1406 2654 autem
1428 2614 1591 2664 dignitas

847 2671 1109 2725 amplitudinis
1141 2671 1213 2711 effe
1233 2685 1342 2724 pars:
1379 2671 1492 2718 ideo,
1524 2671 1593 2723 qui

847 2729 1138 2783 aniplitudinem
1167 2727 1228 2769 vel
1254 2727 1371 2768 solam
1403 2729 1593 2772 nominat,

847 2787 1070 2836 dignitatem
1083 2800 1163 2826 non
1183 2784 1359 2827 excludit.

901 2847 935 2884 D
967 2855 992 2888 a
1464 2836 1590 2880 Rebus
