1863 3172
150 150 234 195 330

370 137 594 178 PAVLLI
632 135 917 175 MANVTII
952 133 1469 196 COMMENTARIVS

206 246 342 300 Fuga]
386 248 497 295 Fugit
540 245 589 284 ad
638 248 895 296 Artaxerxem,
951 249 1020 295 rit,
1051 259 1120 290 aut
1137 246 1240 306 quod
1255 249 1315 288 ita
1333 243 1694 300 ntaluerit,stultus

148 306 345 348 Persarum
359 317 498 352 regem,
511 304 654 340 veritus
675 304 770 339 iram
784 304 894 342 Athe·
943 303 1070 360 fug'ffi·
1100 308 1187 362 Q¹⁰
1199 305 1315 343 etiam
1323 305 1490 360 grauius
1506 303 1691 344 iudicium
1747 315 1753 319 ¹

149 363 355 406 niensium,
385 360 522 411 quibus
561 360 603 396 in
643 357 894 411 suspicionem

147 427 306 458 venerat
325 417 441 454 initae
468 428 553 453 cum
580 414 774 454 Persarum
804 430 893 466 rege

149 487 281 514 contra
301 473 498 511 Graeciam
523 470 721 511 societatis.

207 528 380 578 Reditu]
411 528 588 567 Reditum
621 526 894 568 Themistoclis

145 590 230 643 post
248 585 376 635 fugam
405 599 483 624 non
502 587 676 631 inuenio,
711 585 811 624 forte
843 584 894 624 se-

148 655 257 683 cutus
277 644 327 682 est
347 643 485 683 Cicero
506 641 659 681 annales
673 672 684 689 ,
714 657 810 695 quos
829 657 893 680 ne-

148 715 223 754 que
256 698 474 738 Plutarchus
508 713 633 752 neque
662 700 806 738 Probus
837 700 894 736 vi·

146 758 286 803 derint,
316 767 381 795 aut
404 757 765 809 quibushabendam
778 754 891 808 fidem

145 829 227 855 non
248 816 433 868 putarint:
461 813 614 866 quando
636 823 672 852 et
691 812 737 851 de
764 813 895 850 interi-

146 883 188 911 tu
211 873 291 911 eius
330 869 439 910 aliter
474 868 569 909 alios
599 867 831 915 existimasse,
851 870 894 906 in

148 932 266 970 Bruto
278 940 327 966 c.1
338 940 351 966 1
360 959 368 968 .
380 926 814 975 legimus.Memini‚cum
824 925 892 963 ho-

146 1000 211 1026 mo
234 983 465 1033 ingeniosus,
493 984 752 1035 industriaque
775 980 892 1021 excel-

147 1042 242 1088 lens,
271 1040 467 1080 familiaris
488 1054 613 1086 meus,
633 1042 891 1084 Hieronymus

145 1101 356 1145 Ferrarius,
388 1099 447 1136 cui
469 1107 624 1137 mortuo
645 1099 742 1136 bene
763 1098 817 1143 fit,
841 1094 891 1134 le»

147 1155 312 1207 gendum
335 1155 585 1207 opinabatur,
609 1155 798 1199 interitu,
820 1167 892 1205 pro

145 1213 284 1255 reditu,
318 1225 415 1264 quae
427 1213 658 1257 eonieemra,
679 1211 741 1249 etsi
760 1209 894 1248 diffen-

149 1274 194 1310 tit
212 1271 258 1308 ab
281 1269 447 1321 antiquis
468 1266 599 1315 libris,
629 1277 755 1306 tamen
770 1296 781 1313 ,
803 1268 894 1319 quia

149 1342 236 1367 cum
257 1325 439 1364 sententia
450 1326 638 1377 congr-uit,
657 1324 893 1378 praetermit-

144 1383 257 1426 tenda
278 1397 357 1421 non
381 1381 464 1421 fuir.

206 1438 313 1480 ordo
334 1440 409 1490 ipsse
427 1436 654 1490 annalium]
683 1440 773 1486 Qio
804 1450 896 1490 qua·

149 1501 174 1539 si
196 1498 261 1537 filo
296 1507 478 1549 perpetua
498 1496 637 1537 texitur
651 1496 816 1534 historia.

203 1552 486 1605 Mediocriter]
516 1554 610 1590 Non
631 1550 806 1590 multum.
835 1552 894 1590 vi-

147 1614 183 1652 ri
202 1621 328 1649 autem
369 1607 585 1647 excellentis
619 1610 800 1661 ancipites
829 1623 893 1648 va-

145 1671 271 1722 riique
292 1664 392 1705 casus
417 1680 498 1704 non
519 1665 774 1713 mediocriter,
791 1665 830 1703 id
844 1666 894 1704 est

146 1724 326 1772 multum,
354 1724 533 1762 retinent.
561 1721 739 1776 seipsum
759 1721 893 1762 alienis

149 1783 310 1831 defignat
330 1778 521 1832 exemplis

207 1837 391 1890 Retinet]
423 1835 604 1875 Deleemt.
619 1836 780 1875 retineri
792 1836 895 1874 enim

153 1896 330 1940 videtur,
376 1894 443 1946 qui
471 1891 636 1932 libenter
663 1891 765 1942 legit.
823 1895 895 1931 Eo·

148 1954 235 1993 dem
253 1950 369 1990 modo
390 1950 552 1990 verbum
579 1951 709 2002 capior
728 1948 775 1988 ad
797 1947 897 1988 dele-

150 2012 357 2050 &atiouem
375 2006 615 2046 transfertur.

206 2064 338 2123 2:1⁴1st
375 2063 665 2104 enumeratione·
676 2060 893 2117 fhstorum]

149 2129 200 2164 Vt
224 2124 305 2163 fasti
326 2119 527 2168 dele-Stant,
548 2119 813 2159 enumerandis
839 2134 894 2158 re-

151 2183 246 2228 bus,
268 2193 364 2232 quae
388 2176 539 2227 singulis
566 2176 700 2216 diebus
722 2187 894 2225 agantur.

149 2237 250 2277 vnde
270 2234 430 2275 Ouidius
458 2234 603 2291 *Flgstos
633 2232 816 2287 inscripsit
853 2232 896 2272 li-

151 2296 242 2335 bros
262 2293 358 2332 suos,

207 2352 326 2390 Exitu
347 2347 534 2400 notabili]
564 2352 613 2388 Vt
632 2344 811 2386 notabilis
823 2343 898 2384 fuit

153 2410 235 2448 eius
255 2410 294 2445 in
314 2407 474 2460 patriam
493 2404 636 2445 reditus
658 2406 740 2458 post
766 2401 900 2442 exsulii

156 2463 414 2505 calamitatem.

211 2523 300 2578 ⁶Qgto
350 2518 442 2558 mihi
472 2515 657 2558 acciderit
700 2516 897 2570 optatius]

152 2581 293 2619 Modus
331 2575 536 2627 loquendi,
575 2587 670 2626 pro,
707 2588 820 2629 quam
855 2573 900 2614 ob

155 2633 265 2686 canff
279 2647 315 2671 m
349 2631 442 2671 mihi
494 2628 680 2671 acciderit
715 2633 896 2680 optatius.

155 2684 229 2732 tale
241 2688 333 2729 illud
345 2688 409 2727 lib.
426 2699 460 2728 1.
472 2687 518 2726 de
528 2690 631 2725 Orat.
644 2698 742 2739 027.
764 2687 897 2726 Stulti-

156 2750 214 2789 tia
236 2761 327 2788 cxcv
349 2747 515 2784 actionem
545 2758 618 2782 non
646 2742 779 2783 hahet:
805 2746 899 2798 quia

156 2820 258 2848 nemo
278 2803 446 2849 videtur,
469 2810 538 2843 aut
557 2799 647 2856 quia
667 2798 913 2853 ‹r.·1dusfue·-'

950 367 992 406 in
1009 364 1167 405 dicendo
1177 359 1362 413 subimus.

1007 435 1143 493 ‚ngsi
1151 433 1359 486 fabulam]
1402 434 1589 473 Fabulam
1623 447 1691 472 vo-

954 505 1032 540 cat,
1063 507 1142 532 non
1169 493 1258 544 quia
1285 490 1393 528 fletae
1417 491 1485 530 {int
1515 505 1597 537 reS,
1624 490 1688 530 sed

952 553 1055 603 quia,
1069 560 1262 602 tamquam
1279 544 1422 594 fabula,
1449 550 1575 587 varios
1585 549 1688 588 aetus

950 608 1099 647 habeat.

1006 676 1057 715 Et
1101 674 1343 727 confiliorum
1382 684 1417 713 et
1437 669 1689 727 rtemporum]

950 731 1145 781 Qiaedam
1186 733 1287 770 enim
1333 732 1502 770 atffiones
1528 732 1690 773 consiliis

950 790 1150 829 hominum
1171 791 1326 842 proprie
1338 789 1572 839 tribuuntur,
1583 803 1696 841 quae·

952 846 1037 885 dam
1066 847 1301 899 temporibus
1324 847 1451 899 potius
1473 859 1586 899 quam
1606 862 1693 886 con-

951 903 1051 943 filiis.
1701 918 1704 919 ’

1007 960 1099 999 Non
1130 973 1285 1004 vereor,
1310 973 1357 998 ne
1376 956 1691 1012 qffi211tatiuncula
1721 1004 1724 1009 .
1746 978 1751 984 ·
1797 957 1802 961 ¹

950 1015 1119 1074 quadam
1151 1018 1339 1068 aucupari
1370 1027 1477 1055 tuam
1510 1021 1692 1075 gratiam

951 1071 1115 1124 videar]
1159 1075 1243 1110 Hoc
1271 1072 1382 1112 dicit:
1410 1085 1511 1113 certe
1533 1091 1594 1115 me
1609 1091 1691 1119 non

950 1141 1058 1186 putas
1086 1130 1267 1182 aucupari
1278 1131 1437 1177 gratiam
1455 1144 1557 1172 tuam
1578 1134 1695 1175 assen-

952 1184 1159 1228 tatiuncula
1186 1185 1370 1239 quadam:
1431 1203 1516 1228 cum
1544 1191 1623 1244 ipse
1655 1203 1695 1233 te

953 1247 1098 1299 optime
1117 1245 1284 1282 noueris.

1011 1316 1147 1371 Neque
1176 1304 1304 1355 amein
1336 1328 1401 1373 ego
1426 1319 1518 1368 sum
1546 1321 1605 1359 ita
1632 1320 1696 1362 cle-

951 1376 1080 1423 mens]
1112 1371 1230 1411 Effem
1250 1383 1377 1412 autem
1403 1374 1696 1424 demens,filau·
1732 1373 1740 1375 i

953 1429 1036 1468 dari
1069 1428 1207 1469 vellem
1231 1430 1280 1468 ab
1307 1445 1380 1478 eo,
1409 1434 1476 1484 qui
1509 1448 1588 1473 non
1606 1434 1695 1490 'ipse

951 1488 1148 1540 propriam
1177 1489 1217 1524 in
1247 1501 1308 1525 me
1331 1486 1522 1529 laudando
1550 1492 1695 1542 ingenii

951 1541 1113 1592 gloriam
1181 1542 1486 1596 consequeretur.
1547 1545 1695 1591 laudari

952 1601 1054 1639 enim
1079 1601 1127 1639 ab
1154 1614 1201 1639 eo
1218 1599 1328 1648 velle,
1361 1605 1428 1655 qui
1449 1616 1572 1644 careat
1590 1608 1696 1658 inge·

951 1659 1041 1706 nio,
1071 1657 1255 1716 dementis
1287 1659 1348 1696 est.
1386 1660 1515 1713 itaque
1540 1677 1602 1702 me
1623 1665 1695 1706 tibi

951 1713 1148 1761 affentari,
1187 1729 1266 1753 non
1310 1715 1361 1753 est
1391 1730 1458 1756 cur
1490 1721 1696 1762 existimes:

951 1786 1076 1824 neque
1099 1771 1140 1810 id
1159 1770 1245 1810 sane
1265 1772 1387 1812 tibiin
1407 1785 1572 1822 mentem
1590 1781 1696 1819 veni.

951 1844 993 1868 re
1012 1831 1201 1869 arbitror*
1526 1822 1532 1826 ’

1010 1885 1110 1938 Ille]
1146 1889 1202 1926 De
1235 1879 1492 1927 celeberrimis
1521 1891 1638 1937 viris,
1658 1901 1696 1931 et

953 1944 1055 1998 apud
1087 1958 1219 1982 omncs
1256 1942 1357 1982 fama
1394 1947 1574 2005 cognitiS,
1622 1949 1697 1989 hoc

954 2015 1172 2054 pronomen
1192 1999 1437 2054 vsmpamus,
1467 2014 1507 2043 vt
1533 2003 1579 2043 de
1599 2006 1695 2056 A'ge-

954 2057 1042 2097 filao
1062 2057 1174 2098 infra.
1222 2056 1584 2105 Alexa11dro2'autem
1610 2065 1694 2115 quis

952 2118 1139 2154 maiorem
1156 2117 1321 2154 nominis
1342 2114 1597 2158 celebritatem
1609 2134 1697 2159 con-

953 2171 1125 2211 secutus?
1169 2173 1235 2225 qui
1259 2174 1386 2225 paucis
1423 2176 1530 2213 annis
1559 2186 1595 2215 et
1623 2180 1696 2216 Da-

954 2231 1069 2278 rium,
1090 2228 1267 2269 vltimum
1291 2229 1489 2269 Persarum
1507 2244 1697 2282 regem,et

954 2301 1100 2326 oceano
1117 2297 1225 2326 tenus
1244 2289 1372 2325 omnia
1393 2286 1597 2341 superauit,
1610 2305 1698 2344 pro-

954 2343 1040 2383 latis
1058 2345 1105 2384 ab
1126 2341 1266 2393 angulo
1291 2344 1486 2384 Thraciae
1505 2346 1551 2385 ad
1576 2358 1698 2387 extre·

955 2416 1061 2441 mum
1082 2403 1271 2440 orientem
1293 2401 1446 2454 imperii
1471 2406 1654 2444 terminis.

1014 2473 1055 2512 A
1054 2471 1179 2526 pelle]
1209 2472 1390 2523 Pingendi
1401 2473 1512 2515 laude
1523 2478 1697 2518 omnium

957 2529 1167 2569 clariffimo.

1013 2600 1199 2657 Lyfippo]
1228 2601 1342 2642 Vnde
1367 2605 1548 2643 Horatius
1570 2602 1635 2645 lib.
1647 2603 1706 2658 ss2-

956 2659 1058 2712 epist.
1084 2670 1115 2698 ῐ.
1136 2672 1172 2696 v.
1194 2671 1290 2711 239.

1012 2726 1301 2826 Ειίὶέῖἷίυεῧιὶι,
1324 2746 1369 2773 m·
1385 2732 1532 2788 quis-fi,
1540 2742 1700 2785 praeter

1161 2797 1208 2838 pe
1242 2800 1307 2838 em,

1566 2859 1697 2917 Pinge-
