1863 3172
209 91 298 135 234

209 194 315 245 epist.
344 205 383 246 9.
469 196 529 235 Ea
557 208 692 237 tantae
716 199 810 238 mihi
838 213 951 239 curae

197 249 320 300 fiant,
346 260 391 289 vt
415 264 473 290 me
499 254 615 292 nolim
644 255 865 295 admoneri:
890 270 950 296 ro-

201 307 299 358 gari
332 320 421 346 vero
448 307 530 360 sine
559 323 695 365 magno
721 311 849 352 dolore
880 315 949 353 vix

199 358 351 415 pqffittte.
408 363 500 402 Ideo
523 363 616 413 dixit
636 365 702 406 lib.
715 380 754 420 9.
768 369 870 421 epist.
885 380 946 422 13.

202 417 300 457 Peto
319 428 406 465 ate,
428 422 502 467 vel,
519 421 573 474 st
587 427 746 474 pateris,
768 439 843 465 oro.
873 428 947 464 Ro-

201 484 359 522 gauerat
386 487 512 517 autem
543 481 709 532 Appium
738 482 947 530 Cicero,vt

200 532 406 583 praestaret
425 535 492 573 fibi
521 536 709 589 quidquid
736 538 853 591 posset
871 553 943 592 pro

198 585 320 626 salute
339 587 413 630 sua.
438 600 475 631 et
504 591 664 631 Coelius
687 592 753 633 lib.
779 602 810 642 3.
840 598 942 648 epist.

200 646 241 686 6·
300 645 450 700 Appius
480 649 522 687 in
541 661 578 688 te
609 652 816 691 maximam
832 653 944 704 spem·

198 698 324 741 babet.

211 792 222 802 ,
255 757 498 812 Pompeium]
528 762 709 800 Socerum
722 761 822 801 filiae
842 773 939 804 tuae.

176 806 200 848 ἑ
208 802 297 863 ,⁴2V
292 828 384 854 num
402 830 448 855 ex
465 817 662 871 omnibus]
693 818 813 858 Pluris
826 820 940 869 facio,

194 882 310 923 quam
332 881 476 911 omnes.

249 927 446 981 Brutum]
483 932 535 969 M.
556 933 729 980 Brutum,
753 933 869 986 Appii
879 946 940 983 ge·

191 996 340 1023 nerum.
371 987 473 1039 epist.
495 1000 535 1040 4.

244 1056 433 1105 Facinus]
475 1056 590 1104 ond
610 1072 690 1108 non
705 1057 826 1100 liceat.

245 1111 449 1163 Dedecus]
498 1113 614 1161 Qiod
660 1130 739 1156 non
793 1117 933 1157 deceat.

187 1170 342 1219 grauius
371 1178 496 1208 autem
521 1170 706 1223 facinus,
730 1188 844 1228 quam
871 1175 934 1216 cie-

187 1223 310 1267 decus.

245 1298 441 1339 Pomtinus·
471 1310 583 1340 ERN.
615 1301 845 1354 Pontinius]
885 1306 929 1346 C.

183 1355 398 1403 Pontinius,
420 1358 616 1397 Ciceronis
647 1357 804 1408 legatus,
823 1374 928 1413 prae-

181 1412 320 1459 torius,
348 1415 414 1466 qui
439 1413 484 1454 de
499 1413 771 1464 Allobrogibus
794 1419 927 1458 trium-

179 1468 388 1521 phauerat,
417 1472 543 1525 Appio
575 1470 657 1525 ipso
685 1472 837 1513 consule
861 1475 925 1514 ad-

179 1526 351 1565 iuuante.
383 1525 450 1566 lib.
469 1540 506 1581 4.
533 1528 580 1568 ad
601 1530 711 1569 Attic.
740 1532 841 1583 epist.
861 1537 921 1577 ¹6.

178 1581 269 1622 Erit
285 1597 372 1622 cum
391 1585 569 1626 Pontinio
583 1586 734 1638 Appius
755 1589 895 1640 consul.

237 1652 446 1694 Traflatus
463 1655 531 1710 est]
576 1658 677 1705 Quia
693 1657 823 1697 consul
849 1663 921 1715 Ap-

175 1710 287 1762 pius,
312 1722 354 1751 vt
373 1715 549 1764 proxime
570 1713 674 1761 dixi,
701 1714 855 1757 adiutor
884 1721 922 1758 ei

172 1765 248 1806 fuit
268 1769 308 1805 in
326 1769 538 1810 obtinendo
568 1772 776 1824 triumpho.

231 1823 356 1875 Fide]
405 1828 503 1865 Cum
530 1825 696 1869 debitam
726 1830 917 1871 amicitiae

174 1878 286 1920 fidem
312 1885 536 1935 praestitisti.

229 1953 271 1991 A
306 1967 365 1993 me
397 1953 648 2010 inuitiffi'me]
706 1958 766 1999 Sic
796 1959 913 2008 malo,

171 2021 285 2061 quam
301 2040 314 2058 ‚
353 2010 569 2064 inuitiffime
589 2029 603 2051 :
640 2029 750 2064 nam,
786 2019 915 2058 Ponti-

168 2068 279 2105 nium
298 2080 377 2106 non
404 2066 571 2109 libenter
596 2070 806 2121 disceffisse,
829 2090 913 2116 ver-

169 2124 218 2163 ba
236 2123 301 2162 illa
322 2123 407 2163 satis
429 2126 642 2176 ostendunt,
654 2133 836 2171 maximis
853 2148 913 2172 re-

167 2179 239 2219 bus
271 2182 357 2231 ficis
402 2181 562 2223 coafflus.
592 2199 692 2224 nunc
733 2189 910 2237 fignifica-

167 2238 311 2276 tionem
341 2237 427 2278 suae
454 2239 661 2281 voluntatis
696 2253 733 2283 et
766 2248 908 2285 amoris

164 2292 208 2331 in
229 2295 449 2335 Pontiniurn
482 2299 620 2338 Cicero
641 2298 716 2349 dat,
738 2315 825 2341 cum
851 2305 908 2342 in-

167 2351 263 2403 quit,
282 2365 308 2389 a
325 2366 382 2391 me
402 2354 631 2406 inuitzffimo.

221 2406 471 2464 Laodiceam]
525 2416 576 2453 Vt
617 2414 659 2452 in
706 2418 907 2469 prouincia

163 2475 320 2515 operam
345 2464 464 2514 daret,
485 2482 533 2506 ne
552 2471 660 2509 testes
681 2472 722 2510 in
739 2475 906 2527 Appium

163 2521 324 2559 Romam
345 2523 465 2570 irent,
494 2539 538 2564 ex
565 2541 644 2578 quo
662 2539 777 2581 patet,
799 2545 906 2572 accu-

162 2575 284 2616 satum
304 2580 469 2631 Appium
488 2581 534 2620 de
550 2584 663 2623 rebus
686 2587 726 2624 in
745 2590 903 2639 prouin-

161 2635 218 2671 cia
249 2635 377 2683 gestis,
413 2638 550 2689 quibus
586 2643 814 2684 maiestatem
834 2659 902 2700 po-

162 2689 244 2744 puli
266 2694 425 2731 Romani
448 2691 584 2734 laefiffe
606 2698 814 2741 videretur.

220 2746 445 2802 Amplitudo
461 2799 470 2805 ‚
481 2761 595 2796 ERN.
641 2756 902 2811 Amplitudim‘

419 81 653 124 PAVLLI
679 85 973 130 MANVTH
1000 89 1513 140 COMMENTARIVS

1004 202 1501 266 istasollicituda'fietura]
1535 211 1640 252 Idem
1659 213 1744 255 aliis
1778 186 1781 187 ⁷

1004 261 1131 299 verbis
1151 260 1280 314 paullo
1300 276 1387 306 ante
1400 298 1413 316 ‚
1445 270 1557 323 istum
1580 270 1746 312 hebonem

1003 315 1076 355 tibi
1091 319 1209 357 etiam
1233 319 1365 362 honori
1388 336 1567 377 putarem
1586 326 1689 379 fore.

1055 387 1098 426 Si
1118 402 1207 428 vero
1234 389 1363 442 efficis,
1378 405 1422 434 vt
1445 397 1609 446 censores
1620 412 1743 439 creen-

1003 441 1096 495 tur]
1127 445 1242 493 Quod
1262 448 1461 500 flaccidat3
1488 452 1572 493 fore
1587 469 1665 494 non
1676 455 1743 495 du-

1003 499 1112 549 bitat,
1131 513 1174 541 vt
1211 503 1342 544 censor
1368 505 1446 559 ipse
1475 511 1618 563 Appius
1641 527 1742 553 cree-

1001 565 1075 595 tur.
1114 559 1244 611 itaque
1270 560 1482 613 subiungit:
1513 577 1583 614 ¹et,
1606 567 1648 621 fl
1679 572 1742 609 ita

993 611 1148 668 geffi’ris
1178 616 1392 669 censuram.
1434 633 1579 662 creatus
1612 636 1740 666 autem

1000 671 1051 707 est
1070 684 1155 709 cum
1173 674 1214 712 L.
1237 673 1391 724 Pisone,
1419 679 1460 716 in
1480 692 1595 732 quem
1623 684 1738 722 exstat

997 728 1195 767 Ciceronis
1215 733 1352 772 oratio.
1383 731 1450 773 lib.
1475 742 1511 784 8.
1539 738 1641 790 epist.
1674 751 1738 793 ¹4·

997 780 1062 822 lib.
1085 795 1120 825 1.
1142 784 1188 824 de
1218 789 1345 828 Diuin.
1378 804 1406 830 c.
1442 795 1505 837 16.
1563 795 1639 834 Dio
1668 793 1736 837 lib.

995 851 1064 892 40.
1087 839 1187 881 orat(
1201 856 1334 884 contra
1363 845 1575 889 Sallustium
1595 865 1624 890 c.
1642 855 1681 896 6.

1052 913 1104 952 Et
1113 914 1245 967 potes]
1276 918 1374 956 Cum
1400 919 1471 959 tibi
1500 935 1625 976 neque
1656 925 1737 965 ani·

995 982 1093 1016 muS,
1115 984 1240 1023 neque
1261 973 1456 1014 confilium
1472 976 1572 1019 defit.

1051 1040 1313 1098 Prorogetur]
1358 1048 1421 1086 Ne
1454 1048 1547 1101 quid
1579 1051 1627 1090 ad
1657 1053 1732 1094 hoc

988 1109 1160 1136 annuum
1181 1103 1403 1152 prouinciae
1420 1118 1558 1145 munus
1582 1119 1731 1166 tempo-

988 1154 1041 1192 ris
1058 1153 1233 1196 addatur.
1511 1213 1520 1217 „

1045 1225 1121 1267 Hic
1137 1226 1212 1267 tibi
1232 1225 1564 1288 satisfhcerimus]
1592 1235 1727 1278 Paullo

985 1290 1074 1321 ante
1096 1281 1216 1333 dixit,
1242 1289 1428 1338 promitto
1456 1301 1570 1346 atque
1595 1294 1730 1348 confir·

985 1346 1066 1386 mo,
1096 1353 1152 1379 me
1175 1352 1247 1393 pro
1276 1353 1346 1382 tua
1374 1343 1567 1401 dignitate
1598 1352 1727 1396 (malo

985 1396 1082 1435 enim
1104 1395 1252 1445 dicere,
1276 1413 1392 1454 quam
1411 1411 1482 1453 pro
1496 1404 1658 1454 salute)
1684 1410 1726 1450 in

982 1450 1052 1492 hac
1065 1455 1280 1505 prouincia,
1302 1458 1361 1495 cui
1376 1467 1422 1496 tu
1437 1460 1654 1515 praefuisti,
1663 1478 1724 1505 ro-

972 1507 1106 1564 gando
1124 1508 1390 1561 deprecatoris,
1408 1513 1619 1559 laborando
1633 1531 1724 1573 pro-

965 1566 1112 1620 pinqui
1135 1566 1404 1620 sufieptttrum
1447 1572 1571 1626 qfficia
1611 1587 1723 1634 atque

969 1630 1117 1675 partes.

1032 1693 1223 1745 Nauare]
1254 1697 1453 1746 Praestare,
1477 1701 1661 1742 tribuere.

1029 1751 1237 1793 Hominum
1252 1757 1378 1810 ‘atque
1400 1757 1604 1811 ordinum]
1632 1761 1718 1813 Epi-

974 1805 1066 1845 stola
1099 1822 1255 1862 quoque
1283 1822 1322 1862 9.
1354 1809 1419 1850 lib.
1453 1823 1484 1853 ι.
1517 1817 1717 1858 coniunxit

970 1863 1147 1904 homines
1170 1877 1208 1905 et
1226 1867 1400 1906 ordines:
1429 1870 1521 1909 Cum
1549 1887 1607 1911 me
1629 1876 1716 1914 vni·

970 1921 1084 1972 versa
1105 1922 1317 1973 respublica
1335 1927 1499 1966 comitiis
1518 1932 1714 1971 centuria-

967 1978 1039 2025 tis,
1070 1977 1216 2019 cunilis
1253 1980 1467 2030 ordinibus,
1501 1984 1715 2028 hominibus·

967 2034 1268 2077 incumbentibus
1281 2067 1294 2085 ‚
1340 2040 1510 2080 omnibus
1553 2045 1713 2098 denique

954 2091 1042 2142 ficis
1060 2092 1208 2133 viribus
1226 2092 1482 2149 recuperaJJi‘t.
1543 2100 1709 2140 Ordines

966 2158 1094 2188 autem
1114 2151 1156 2188 in
1183 2151 1335 2190 ciuitate
1360 2161 1435 2191 tres
1452 2152 1584 2204 fuere,
1606 2156 1709 2198 sena·

964 2213 1038 2253 ωε,
1057 2208 1217 2259 equites,
1247 2206 1367 2261 plebs·

1015 2277 1179 2317 Minime
1197 2277 1395 2327 miranda,
1412 2290 1447 2318 et
1465 2284 1633 2321 maxime
1648 2283 1708 2323 iu-

963 2334 1106 2387 cunda]
1128 2335 1214 2374 ‘Nec
1233 2337 1368 2384 miror,
1386 2346 1425 2377 et
1432 2337 1598 2394 gaudeo,
1610 2338 1706 2381 dixit

961 2388 1029 2431 lib.
1052 2401 1115 2433 10.
1134 2393 1237 2445 epist.
1261 2404 1293 2434 1.

1016 2462 1182 2516 Ampla]
1213 2467 1262 2504 Vt
1282 2464 1378 2503 mihi
1389 2463 1564 2519 plurimis
1582 2468 1623 2506 in
1643 2481 1702 2509 te-

958 2519 1030 2558 bus
1049 2518 1131 2558 vsui
1160 2519 1232 2560 effe
1249 2520 1370 2575 possit.

1015 2591 1215 2645 Iucunda]
1247 2593 1308 2632 Ob
1326 2589 1461 2632 multas
1483 2591 1699 2636 suauitates.

957 2645 1063 2688 addit
1082 2651 1198 2696 enim,
1226 2647 1419 2698 iucunda,·
1453 2664 1502 2689 ne
1523 2650 1699 2692 videatur

958 2717 1045 2744 eum
1075 2704 1235 2755 diligere
1265 2706 1458 2747 dumtaxat
1487 2707 1700 2748 humanita-

954 2762 1003 2802 tis
1026 2761 1157 2804 cauffa.

1606 2822 1697 2863 Vna

1833 3019 1842 3031 σ-
1835 2992 1841 3000 ι
1834 2944 1850 2979 ιγ
1836 2782 1849 2926 ,ης-’.κπ-
1834 2327 1853 2764 ’ψιῦ»ν,ϋΜ-,ι
