1863 3172
198 127 283 170 282

196 235 400 289 potestate,
443 241 618 285 quartum
652 217 714 270 bic
747 230 940 280 subiungit

200 292 249 330 ab
268 291 470 329 honestate.
499 303 587 326 nam
610 287 853 332 vtMitylenis
871 298 937 327 aut

197 347 325 387 Rhodi
349 348 481 385 viuere
502 359 623 397 aeque
650 359 691 383 ac
717 347 860 383 Romae
880 357 936 385 tu-

195 413 279 444 tum
309 404 362 449 fit,
393 412 491 440 certe
523 402 712 441 honestius
744 403 784 441 in
811 403 934 455 patria

195 471 272 501 tua.
329 460 497 499 Verbum
516 469 657 505 autem,
676 457 931 515 cogitandum,

194 517 242 556 ad
270 517 469 555 honestum
498 514 672 569 speetaffe
702 517 930 556 Ciceronem

193 575 337 629 potius,
357 587 472 625 quam
491 572 538 612 ad
563 566 793 620 iuc'undum,
820 573 929 622 figni-

193 633 298 681 ficat:
346 644 576 683 quamquam
611 631 653 667 in
688 627 841 681 epistola
877 628 929 667 se-

194 688 341 741 quenti,
376 701 461 726 cum
489 685 598 726 fimili
628 695 798 725 vteretur
823 699 930 735 argu-

191 755 345 790 mento,
377 743 494 782 dixit:
522 743 583 795 fin
620 744 929 798 qualemcumque

189 802 325 846 locum,
343 815 438 856 quae
465 800 516 853 est
543 799 742 853 domestica
755 797 847 849 fide
873 800 929 837 iu-

189 858 380 899 cundior?
409 870 639 909 quamquam
666 856 722 894 ibi
742 857 865 894 statim
881 854 928 894 de

187 914 370 965 dignitate
394 912 596 952 subiunxit.

218 1018 221 1021 .
243 985 459 1026 Cuiusmodi
483 998 541 1021 rcs
561 980 656 1035 qffit]
714 984 924 1030 Qlaecum·

187 1057 262 1096 que
281 1039 492 1094 respublica
517 1039 616 1079 effet.
647 1039 751 1092 quod
773 1041 874 1093 epist.
886 1051 924 1093 9.

184 1100 367 1154 expr'essit.

241 1168 458 1222 Mityfcnis]
491 1171 580 1216 Q10
612 1165 648 1206 se
669 1165 880 1206 contulerat
901 1180 923 1205 a

183 1225 390 1267 Pharsalica
409 1239 546 1279 pugna.
576 1225 616 1263 in
635 1226 754 1263 Bruto
802 1239 832 1262 c.
849 1234 919 1276 71.

186 1286 279 1326 Vidi
299 1285 398 1321 enim
415 1283 618 1335 Mitylenis
639 1293 759 1333 nuper
778 1281 919 1328 virum,

181 1352 310 1396 atque,
331 1351 374 1379 vt
396 1339 495 1384 dixi,
521 1337 606 1378 vidi
633 1338 749 1390 plane
781 1339 919 1376 virum.

180 1401 227 1438 Et
255 1395 427 1436 Valerius
456 1398 555 1434 Max.
588 1393 656 1433 lib.
677 1406 714 1446 9.
735 1407 753 1431 c
779 1405 843 1434 ΙΙ.
880 1403 918 1433 et

180 1457 318 1494 Seneca
339 1455 380 1491 in
399 1451 499 1492 libro
520 1452 566 1490 de
578 1449 850 1490 Consolatione
869 1451 916 1489 ad

177 1507 357 1554 Albinam
377 1525 405 1549 c.
417 1522 455 1561 9.
487 1519 524 1548 et
545 1509 605 1546 hic
625 1507 679 1547 lib
700 1519 739 1560 7.
761 1508 864 1560 epist.
881 1520 916 1560 3.

235 1579 440 1631 Verentur]
478 1581 607 1619 Minus
630 1580 692 1625 est,
723 1591 836 1631 quam
866 1580 915 1617 ti-

176 1653 331 1680 memus.
359 1636 460 1677 valet
487 1637 608 1675 onim:
638 1649 752 1688 quem
780 1649 828 1673 ne
859 1633 915 1674 of-

175 1696 389 1742 fendamus,
413 1707 602 1733 veremur.

236 1769 289 1806 Vt
328 1777 524 1805 terrarum
565 1762 691 1802 orbem
717 1765 915 1816 complexa

161 1823 242 1879 sit]
274 1827 318 1862 In
338 1820 492 1875 epistola
511 1820 696 1873 sequenti,
726 1823 791 1877 qui
814 1821 915 1861 locus

171 1884 240 1922 hoc
269 1882 460 1920 dominatu
480 1879 620 1918 vacat?

228 1952 406 1999 Alienae]
431 1951 562 1988 Minor
591 1949 692 1986 enim
718 1950 759 1986 in
789 1959 910 1988 exter-

170 2010 230 2061 ¹nis
261 2007 354 2046 locis
390 2006 437 2045 ad
478 2005 625 2045 facinus
668 2006 909 2046 verecundia.

171 2066 274 2119 epist.
297 2076 337 2116 9.

227 2132 399 2185 Etiavfi'
422 2130 630 2185 oppetenda
665 2147 767 2171 mors
800 2130 907 2185 effi‘t]

167 2195 263 2234 Non
283 2190 400 2230 modo
420 2191 563 2228 Romae
583 2188 654 2228 effe
667 2188 808 2235 malim,
821 2204 907 2229 cum

168 2252 211 2290 in
235 2249 329 2287 vrbe
358 2248 506 2293 minus,
535 2259 649 2298 quam
672 2247 712 2284 in
743 2249 906 2286 externis

165 2304 272 2352 locis,
294 2302 454 2358 periculi
472 2301 544 2341 ess'e
560 2302 737 2347 videam,
767 2301 829 2342 sed
857 2314 908 2343 et-

168 2364 244 2403 iam
269 2363 294 2400 si
320 2359 534 2413 oppetenda
559 2373 661 2398 mors
683 2357 781 2399 effet.

224 2434 375 2472 Futura
388 2427 598 2482 perpetua]
640 2432 686 2468 In
706 2444 747 2469 re
764 2440 828 2468 tua
852 2428 905 2468 fa·

168 2488 311 2531 miliari
340 2502 418 2525 non
448 2497 670 2539 perpetuam
708 2488 904 2532 iniuriam,

165 2545 229 2586 sed
251 2546 490 2597 repentinum
509 2541 685 2595 aliquem,
719 2554 757 2582 te
775 2541 902 2582 absen-

166 2612 216 2652 te,
228 2600 463 2655 praedonum
486 2601 670 2651 impetum
689 2599 902 2640 extimesco.

226 2674 305 2712 om·
328 2668 454 2722 elfi’nt]
511 2668 755 2708 Caesarianos
790 2683 903 2721 quos·

165 2715 277 2768 dail?
298 2720 432 2776 in'figni
469 2725 647 2774 audacia,
674 2737 712 2766 et
749 2724 903 2765 fortasse

163 2796 330 2837 egente-S,
350 2783 524 2833 designat.

414 119 638 160 PAvLM
673 118 961 161 MANVTII
989 93 1499 160 coMMENTAmvs

1051 230 1090 269 C.
1111 230 1316 284 Marcelli]
1346 234 1424 282 Qui
1446 231 1574 272 consul
1597 230 1722 271 fuerat

990 288 1073 340 post
1091 289 1144 326 M.
1163 288 1383 328 Marcellum
1409 304 1511 329 anno
1531 291 1719 343 proximo.

1047 344 1202 383 Fratris
1228 345 1378 399 optimi]
1435 348 1648 394 I'atruelis,
1677 355 1720 385 vt

986 401 1038 438 ait
1059 402 1259 439 Suetonius
1286 404 1326 440 in
1345 402 1505 443 Caesare
1535 414 1641 455 c.29.
1676 420 1678 426 ·

1046 471 1098 509 Te
1117 469 1384 523 deprecantur]
1411 475 1543 512 Tuam
1560 471 1717 522 salutem

985 540 1006 564 a
1023 526 1179 566 Caesare
1196 529 1371 581 precibus
1390 540 1534 583 petunt.
1571 530 1718 581 Depre·

983 597 1130 629 cmvnur9
1148 584 1209 623 vel
1231 599 1315 624 curn
1334 588 1541 639 expetimus
1559 585 1718 638 aliquid,

985 638 1049 678 vel
1069 655 1152 680 cum
1168 641 1390 682 recusamus,
1417 645 1525 696 prior
1543 644 1719 693 fignifica-

985 699 1041 735 tio
1068 708 1171 751 patet
1188 700 1261 744 hic,
1283 712 1320 738 et
1341 701 1381 738 in
1401 710 1494 739 orat.
1524 713 1595 751 pro
1615 701 1716 742 Mar-

983 752 1076 792 cello
1097 769 1126 793 c.
1143 768 1177 808 ς.
1219 756 1323 803 Cum,
1340 758 1492 809 «inquit,
1519 757 1582 796 M.
1605 758 1718 795 Mar·

978 812 1128 858 cellum,
1152 809 1440 862 deprecantibus
1459 812 1573 861 vobis,
1591 814 1714 864 reipu-

979 865 1100 906 bltcae
1126 869 1375 918 conseruauit.
1432 873 1475 909 Et
1503 869 1550 908 ad
1579 869 1716 908 Corni-

980 924 1108 962 ficium
1128 922 1193 962 lib.
1213 938 1272 967 12.
1292 927 1395 978 epist.
1408 938 1474 979 24.
1532 924 1717 966 Nondum

978 980 1096 1036 legati
1114 981 1326 1029 redierant,
1344 997 1435 1038 quos
1453 983 1618 1034 sanatus
1637 995 1713 1020 non

979 1036 1036 1075 ml
1045 1046 1174 1087 pacem
1192 1036 1483 1088 deprecandam,
1498 1040 1574 1090 fid
1587 1036 1712 1077 adde-

979 1091 1239 1133 nunciandum
1247 1093 1380 1134 bellum
1396 1097 1568 1147 miserat,
1578 1094 1713 1147 ng'fi'le-

969 1160 1154 1205 gratorum
1171 1153 1309 1191 nuncio
1317 1151 1510 1206 parmffet.
1546 1151 1711 1190 Alterius

976 1203 1189 1259 eioemplum
1213 1209 1501 1257 significationisj
1517 1223 1637 1247 vnum
1668 1206 1713 1246 il-

974 1260 1042 1301 lud
1059 1277 1133 1316 pro
1151 1262 1272 1303 Balbo
1302 1279 1329 1304 c.
1339 1277 1379 1318 7.
1410 1280 1493 1304 cum
1513 1264 1712 1318 suppetant

975 1318 1106 1367 multa,
1136 1323 1397 1361 recitabimus:
1431 1321 1634 1379 Qtiddam
1661 1319 1709 1360 de

973 1379 1161 1416 communi
1190 1377 1407 1426 conditione
1443 1380 1609 1418 omnium
1646 1391 1710 1417 no-

958 1432 1104 1487 strum,
1133 1433 1410 1486 deprecandae*
1420 1435 1710 1474 maleuolentiae

972 1488 1116 1544 cazsffa,
1149 1490 1318 1532 breuiter
1341 1490 1707 1532 commemorandum

967 1548 1137 1586 videtur.
1156 1550 1158 1552 ’

1027 1617 1208 1657 Precibus
1240 1619 1448 1673 tardiores]

970 1672 1145 1720 ostendit,
1170 1676 1211 1714 C.
1231 1674 1468 1723 Marcellum,
1489 1678 1551 1715 etsi
1573 1675 1706 1715 Caesa·

969 1732 1022 1769 ris
1045 1731 1332 1780 dignitatem,vt
1342 1735 1382 1771 in
1393 1734 1575 1773 Suetonio
1594 1747 1623 1771 c.
1638 1743 1706 1786 29.

968 1786 1141 1836 legimus,
1169 1788 1298 1828 consul
1326 1800 1626 1844 oppugnauerat,
1656 1791 1704 1829 ci-

969 1843 1039 1884 vili
1075 1855 1201 1885 tamen
1237 1845 1340 1885 bello
1367 1861 1446 1886 non
1481 1845 1704 1886 interfuisse.

968 1900 1114 1953 alioqui
1153 1902 1398 1956 deprecatore
1415 1947 1419 1951 ,
1435 1903 1514 1958 ipse
1548 1918 1704 1957 quoque

968 1957 1141 2007 eguiss'et:
1181 1960 1287 2013 quod
1316 1959 1362 2000 de
1389 1959 1426 2000 se
1456 1959 1539 2015 ipso
1567 1962 1704 2000 Cicero

967 2014 1173 2064 subiungit.

1023 2087 1305 2139 Deprecatione
1341 2096 1453 2128 ERN.
1510 2086 1703 2138 Depreca-

963 2145 1064 2194 tore]
1090 2146 1134 2182 In
1154 2146 1287 2196 primis
1307 2157 1378 2197 pro
1404 2156 1451 2181 eo
1481 2142 1700 2196 deprecatus

963 2200 1116 2240 videtur
1149 2215 1264 2250 gener
1292 2203 1372 2239 eius
1406 2199 1615 2240 Dolabella.
1634 2199 1703 2241 lib.

967 2269 1032 2299 11.
1060 2256 1107 2295 ad
1127 2258 1238 2298 Attic.
1271 2259 1371 2311 epist.
1389 2268 1428 2309 7.
1457 2258 1498 2295 in
1524 2259 1700 2297 oratione

962 2324 1087 2353 tamen
1105 2329 1177 2368 pro
1198 2313 1381 2354 Marcello
1404 2321 1433 2351 ό.
1456 2327 1491 2367 5.
1520 2324 1562 2353 vt
1583 2313 1699 2353 serui·

960 2382 1019 2410 ret
1049 2370 1276 2423 praesentis
1313 2369 1479 2409 Caesaris
1519 2372 1700 2419 auribus,

959 2429 1117 2481 eiusque
1139 2430 1298 2478 gratiam
1322 2428 1565 2466 humanitatis
1586 2426 1698 2468 laude

960 2483 1168 2535 colligeret,
1189 2487 1242 2524 ait
1263 2483 1311 2531 se,
1330 2484 1436 2524 nullo
1456 2483 1695 2538 deprecante,

958 2540 1190 2595 reipublicae
1216 2540 1420 2581 redditum.

1017 2616 1050 2651 A
1067 2614 1145 2652 tuis
1167 2612 1342 2667 reliquis]
1373 2614 1403 2650 A
1422 2609 1578 2663 reliquis
1599 2612 1698 2650 Mar.

960 2667 1074 2708 cellis.
1104 2671 1170 2722 qui
1208 2669 1387 2707 videntur
1437 2666 1484 2705 de
1524 2667 1694 2707 Marcelli

959 2725 1083 2763 reditu
1101 2740 1178 2764 non
1200 2725 1310 2764 valde
1329 2722 1522 2763 laborasse.
1548 2738 1633 2762 nam
1656 2735 1694 2764 et

958 2783 1000 2820 in
1023 2780 1196 2835 sequenti
1214 2780 1382 2836 epistola,
1400 2779 1523 2830 redeo,
1551 2782 1692 2834 inquit,

1641 2836 1697 2890 ad

1501 1619 1575 1658 Hic
1603 1616 1708 1658 locus
1767 1629 1770 1635 ·
