1863 3172
276 163 344 205 IN
368 159 484 202 CIC.
513 156 702 198 EPIST.
727 154 864 195 FAM.
891 151 1003 191 Lm
1033 149 1098 189 VI.
1139 147 1330 189 EPIST.
1357 151 1442 190 ΧΠ.

136 277 253 321 Plane
271 277 329 318 ita
344 274 522 327 faciunt]
565 269 621 311 Ad
648 266 743 309 illud
762 281 819 306 re-

79 332 223 382 fertur,‘
236 348 294 374 me
317 333 538 385 proximum
567 326 744 367 habeant.
778 333 820 362 vt

80 395 142 433 fit:
159 393 230 431 hoe
252 392 304 429 ita
324 386 453 427 multis
474 386 608 425 officiis
621 383 821 437 praestant,

82 461 126 489 vt
142 460 311 488 amorem
329 442 554 494 singularem
573 442 668 481 mihi
702 436 820 477 decla-

81 515 178 547 rent.

140 563 218 609 Pro
235 558 306 612 me]
349 561 421 598 Pro
452 555 568 596 salute
587 567 692 593 mea:
720 561 823 591 vete-

84 632 144 660 res
169 617 258 656 libri
279 630 426 662 omnes,
446 627 543 668 quos
564 611 750 664 inspicere
771 607 825 646 so-

20 674 22 677 *
85 675 148 716 leo
171 675 295 714 dubiis
321 675 359 712 in
382 672 489 718 locis,
512 671 664 713 habent,
680 676 748 717 per
758 679 828 704 me.

84 748 154 773 nec
185 729 364 784 displicet.
418 731 552 777 Egerat
590 727 728 763 Cicero
760 734 828 776 per

85 787 292 833 familiares
321 784 510 831 Caesaris,
539 784 681 821 amicos
721 778 829 823 suos,

45 848 50 852 ’
86 862 166 887 non
189 859 257 900 per
278 843 314 883 se
334 841 469 896 ipsum,
497 841 602 879 cuius
623 837 830 876 aue‘coritas

88 916 127 944 et
143 904 261 953 gratia
280 914 359 940 non
381 910 459 937 erat
471 894 726 941 eiusmodi‚vt
738 891 832 931 alio-

88 976 178 1002 rum
199 957 498 1000 incolumitatem
527 952 722 1008 deprecari
749 947 832 1003 pos-

90 1018 157 1058 set.
193 1019 244 1056 ita
266 1027 386 1068 porro
412 1015 451 1051 in
471 1013 600 1064 Ampii
622 1007 738 1048 salute
766 1008 834 1044 im-

90 1073 275 1130 petranda
296 1072 333 1110 ei
352 1069 609 1109 satisfecerant
628 1065 740 1105 amici
754 1065 834 1102 eius

93 1133 202 1172 omni
231 1126 426 1169 sedulitate
462 1136 576 1178 atque
623 1122 766 1169 officio,
795 1129 837 1159 vt

93 1191 159 1229 vix
184 1186 261 1242 ipse
290 1187 450 1231 cicero,
483 1184 507 1222 fi
542 1181 769 1221 auetoritate
802 1187 839 1215 et

56 1281 58 1284 .
95 1247 219 1298 gratia
237 1244 320 1299 pari
339 1239 478 1289 fuiss'et,
509 1253 621 1288 agere
650 1234 840 1290 potuisset.

97 1305 230 1358 Agere
248 1311 374 1340 autem
391 1310 461 1350 per
481 1299 660 1352 aliquem,
689 1293 753 1338 est,
775 1289 841 1330 ali-

101 1364 207 1401 cuius
228 1370 346 1413 opera
369 1356 436 1394 vti.
467 1363 504 1393 et
523 1355 564 1391 in
585 1352 687 1405 epist.
705 1361 768 1390 10.
788 1347 842 1386 di-

100 1420 178 1459 xit:
207 1428 320 1472 agam
333 1425 404 1466 per
432 1425 493 1451 me
523 1409 598 1462 ipse
624 1418 662 1448 et
693 1406 845 1446 moliar.

103 1475 292 1524 Qtocirea
311 1468 533 1514 videndum,
553 1481 601 1505 an
633 1464 772 1504 reftius
791 1463 846 1509 fit,

100 1545 173 1588 per
196 1545 265 1577 me,
287 1541 401 1582 quam
416 1537 486 1578 pro
502 1537 572 1564 me.
601 1536 702 1568 nam,
724 1517 846 1559 necli-

105 1591 243 1631 benter
262 1583 412 1624 discedo
441 1584 489 1622 ab
523 1581 691 1632 antiquis
720 1576 851 1621 libris3

109 1660 179 1686 nec
198 1645 259 1683 hic
280 1640 446 1696 quidem,
465 1649 508 1679 vt
539 1636 746 1683 discedam,
773 1632 853 1672 sen·

112 1704 232 1744 tentia
252 1696 426 1755 postulat.

170 1768 377 1822 Molitum]
407 1767 550 1808 Moliri
579 1766 642 1811 est,
670 1765 746 1804 fine
769 1775 858 1815 pro·

115 1832 237 1888 posito
256 1825 401 1881 aliquid
422 1838 545 1875 agere.
577 1822 680 1876 epist.
704 1832 767 1862 10.

179 1887 295 1928 Nihil
311 1884 360 1938 es?
383 1897 406 1922 a
432 1896 490 1922 me
515 1881 745 1930 inseruitum
772 1887 864 1915 tem-

114 1947 219 2001 pori-t
241 1958 306 1995 cao
337 1940 377 1994 a]
420 1941 503 1979 Hoc
524 1938 588 1985 est,
607 1934 711 1988 quod
733 1931 862 1986 paullo

121 2015 209 2042 ante
228 2000 342 2046 dixit,
361 1998 419 2054 egi
443 2008 550 2035 tuam
573 1988 735 2046 cazffitm
758 2002 868 2043 aper-

122 2063 215 2107 tius,
233 2071 344 2112 quam
366 2068 450 2093 mea
480 2062 648 2104 tempora
671 2046 868 2101 ferebant.

187 2129 278 2169 Non
314 2128 439 2166 minus
468 2120 727 2166 aufflritate,
752 2128 867 2172 quam

56 2226 62 2236 ,
121 2184 276 2245 gratia]
308 2184 437 2223 Gratia
467 2175 720 2218 adolescentes
740 2172 867 2214 valere

129 2243 294 2300 possunt,
329 2239 556 2278 au&oritate
597 2247 676 2272 non
707 2229 870 2285 poffunt.

129 2316 221 2341 nam
243 2296 455 2338 nuHoritas
477 2291 663 2346 quaedam
691 2289 873 2328 existima-

132 2360 191 2398 tio
211 2358 261 2395 est
281 2364 388 2408 parta
407 2352 518 2391 rebus
540 2348 713 2396 egregiiS,
733 2347 772 2384 in
793 2345 876 2397 qui-

136 2416 208 2455 bus
226 2414 390 2463 grauitas
409 2419 446 2448 et
467 2404 661 2446 confilium
685 2402 877 2442 enituerit.

194 2481 344 2524 Cimber
364 2491 492 2520 autem
519 2472 674 2526 Tillius]
721 2474 778 2512 Sic
804 2471 880 2526 pla-

140 2551 211 2587 cet,
236 2550 279 2579 vt
309 2537 376 2577 alii
404 2533 674 2576 emendat-unu
710 2529 797 2569 licet
819 2543 881 2568 ve-

141 2609 238 2641 teres
260 2595 409 2648 aliquot
431 2591 519 2632 libri
534 2591 688 2629 Tullius
704 2585 880 2626 babeant.

201 2667 303 2709 Mihi
330 2666 441 2718 plane
457 2658 668 2714 finisfecit]
728 2658 799 2697 Hic
826 2654 881 2701 lo·

147 2741 210 2767 cus
230 2722 414 2767 ostendit,
439 2720 638 2758 Cimbrum
663 2717 763 2753 inter
786 2714 882 2753 Cae-

147 2784 238 2825 saris
258 2778 460 2820 familiares
481 2771 599 2813 fuiffe.
625 2770 728 2824 quod
754 2771 778 2809 si
799 2771 883 2822 quis

150 2841 321 2890 ambigit,
349 2838 527 2875 Senecam
553 2829 652 2879 legat
681 2826 748 2867 lib.
767 2836 806 2878 3.
839 2825 886 2865 de

1524 164 1613 207 409

873 268 933 304 Ira
954 279 983 304 c.
998 276 1061 318 30.
1085 265 1150 316 qui
1171 264 1222 302 ait
1245 277 1328 301 eum
1344 262 1513 303 Caesaris
1535 279 1617 318 par.

876 325 972 362 tium
988 319 1092 359 ciuili
1115 320 1216 359 bello
1229 318 1464 359 defensorem
1481 326 1616 363 acerri-

877 394 981 419 mum
1003 375 1121 416 fuiti'e.
1182 379 1308 415 Postea
1333 379 1550 419 coniurauit
1576 383 1617 420 in

880 435 1091 479 Caesarem,
1111 435 1329 486 primasque
1350 446 1474 486 partes
1505 438 1544 475 in
1572 452 1619 478 eo

878 491 1048 533 necando
1091 489 1258 543 suscepit.
1345 494 1548 533 Suetonius
1580 497 1622 534 in

880 548 1037 590 Caesare
1067 562 1096 585 c.
1114 554 1177 595 82.
1199 547 1428 586 Plutarchum

942 620 1032 658 Nan
1053 630 1133 657 tam
1162 617 1397 669 ambitiosae,
1430 634 1546 674 quam
1565 637 1624 661 m-

883 677 1075 732 cestui-iae]
1125 677 1181 713 Sic
1206 677 1309 728 epist.
1327 678 1364 716 6.
1407 677 1511 716 Cedit
1531 681 1628 719 mul·

885 745 1011 774 torum
1033 734 1138 788 izgslis
1157 744 1193 771 ct
1210 732 1329 784 officio
1358 734 1527 786 incetgfis,
1555 750 1631 775 non

886 788 1064 831 inanibus
1086 801 1155 828 aut
1175 789 1397 840 arnbitiost's,
1419 793 1632 832 voluntati-

888 848 965 888 bus.
994 849 1037 885 Et
1059 848 1098 885 in
1116 856 1210 885 orat.
1239 860 1310 899 pro
1334 848 1487 895 Ligario
1521 864 1549 890 c,
1568 861 1585 890 1
1600 862 1632 891 1.

893 902 1020 950 Video,
1038 902 1145 955 apud
1177 916 1215 942 te
1241 900 1383 956 caigffln
1413 908 1634 960 rogantium

890 962 1021 1001 valere
1038 962 1138 1012 plus,
1167 973 1282 1015 quam
1307 973 1460 1012 preces:
1497 961 1545 1001 ab
1572 965 1636 1003 iir—

894 1031 963 1075 que
975 1028 1012 1056 te
1031 1019 1176 1056 moueri
1197 1020 1379 1062 maxime,
1399 1032 1558 1072 quorum
1579 1021 1639 1060 iu·

886 1073 1085 1170 Jliq'tlmum
1117 1072 1287 1114 dolorem
1331 1070 1465 1114 vide⁴as
1506 1078 1547 1116 in
1577 1089 1639 1130 pe-

894 1142 955 1172 ten
987 1145 1018 1169 o.

954 1202 1178 1266 erqyia
1198 1199 1344 1240 Cimber
1364 1201 1545 1258 hahebat]
1577 1206 1644 1245 Vi·

900 1257 1009 1298 detur
1027 1256 1137 1296 fuine
1158 1258 1314 1296 Cimber
1335 1262 1464 1312 Ampii
1485 1263 1668 1315 propin.-

928 1329 1008 1354 uus.

900 1329 926 1369 q
958 1367 1160 1424 Diplomu]
1201 1372 1367 1411 Litterae
1387 1372 1555 1413 Caesaris
1575 1377 1645 1415 ob·

901 1430 1073 1479 signatae,
1091 1426 1255 1466 reditum
1277 1431 1415 1483 Ampio
1446 1442 1484 1471 et
1502 1432 1647 1472 incolu-

903 1491 1072 1526 mitatem
1107 1483 1250 1525 danteS.

966 1554 1118 1597 Tabam
1138 1554 1226 1595 belli
1245 1558 1391 1612 cluilis]
1432 1561 1520 1607 Quo
1551 1562 1653 1600 ciues

909 1614 957 1655 ad
982 1612 1126 1654 bellum
1162 1615 1217 1652 ita
1254 1626 1504 1666 vocarentur,
1536 1627 1578 1656 vt
1607 1617 1654 1656 ad

913 1670 1104 1728 proelium
1155 1673 1286 1709 vocari
1333 1671 1472 1712 milites
1520 1672 1656 1713 solent.

912 1729 1017 1771 Tale
1038 1725 1134 1766 illud
1160 1727 1304 1782 Phil.7.
1327 1743 1357 1767 c.
1376 1742 1408 1771 1¹.
1467 1731 1658 1771 Bellicum

915 1802 973 1829 me
997 1781 1160 1838 cecinisse
1177 1783 1323 1825 dicunt.

973 1844 1062 1898 ραι
1081 1857 1095 1881 ι
1114 1854 1188 1881 non
1202 1841 1424 1898 gaudeant]
1480 1845 1540 1884 Ob
1563 1844 1662 1885 dire-

919 1912 1005 1954 pta,
1035 1897 1096 1938 vel
1133 1912 1254 1952 paruo
1284 1911 1408 1955 empta
1435 1900 1662 1956 proscripto-

920 1972 1007 1997 rum
1024 1958 1139 1996 bona.

982 2028 1159 2080 Recepit]
1176 2028 1358 2081 Recipere
1374 2027 1458 2083 plus
1478 2031 1542 2078 est,
1553 2044 1667 2084 quam

924 2087 1161 2140 promittere.
1210 2083 1276 2125 lib.
1305 2097 1368 2137 13.
1414 2089 1517 2140 epist.
1537 2095 1603 2136 28.
1618 2098 1668 2128 ,τι

925 2144 991 2183 lib.
1009 2157 1041 2193 5.
1057 2143 1159 2195 epist.
1173 2147 1208 2190 8.
1238 2144 1317 2190 Qui
1337 2145 1438 2182 enim
1458 2146 1499 2182 in
1522 2143 1558 2182 se
1578 2148 1670 2184 reci-

924 2204 994 2255 pit,
1012 2200 1287 2253 praestaturum
1308 2198 1344 2237 se
1365 2202 1570 2253 promittit.
1604 2201 1670 2242 lib.

931 2269 995 2310 13.
1029 2258 1131 2309 epist.
1153 2261 1219 2309 41.
1258 2255 1372 2295 dixit:
1415 2258 1593 2311 confirmo
1629 2269 1668 2300 et

921 2313 1099 2368 spondw·

990 2365 1214 2422 Eppuleiae]
1245 2368 1395 2407 onris.
1419 2384 1506 2410 nam
1526 2374 1675 2426 Ampia,

938 2426 1033 2466 filia:
1064 2427 1152 2477 quia
1174 2421 1340 2463 feminae
1370 2430 1490 2475 gentis
1519 2431 1676 2469 nomine

939 2482 1238 2537 appellabantur.
1295 2480 1421 2522 Fuluii
1443 2483 1540 2525 liber
1565 2500 1678 2534 Vnus,

939 2540 1174 2593 Appuleiae:
1201 2534 1341 2590 reliqui
1361 2553 1506 2590 omnes,
1519 2543 1677 2596 Eppule-

938 2601 1020 2638 iae:
1061 2608 1227 2646 quorum
1276 2595 1455 2637 consensu
1493 2613 1681 2638 moneor:

939 2654 1025 2694 licet
1052 2652 1256 2704 Eppuleiae
1286 2656 1405 2700 gentis
1446 2658 1680 2695 mentionem

939 2711 1032 2750 alibi
1053 2723 1131 2747 non
1143 2707 1326 2747 viderim:
1346 2711 1506 2764 Eppiam
1527 2712 1681 2764 quidem

942 2765 1123 2866 {xempiis
1145 2778 1223 2803 non
1243 2768 1370 2819 paucis
1400 2771 1588 2818 cognitam
1621 2770 1686 2807 ha·

972 2838 1087 2864 emus.

1004 2882 1066 2920 Cc
1098 2892 1120 2932 ς
1595 2879 1694 2930 Nili
