1863 3172
284 127 354 168 m
383 127 497 169 cre.
524 127 726 171 EPIST.
753 131 890 172 FAM.
930 106 1040 172 miz.
1068 131 1153 172 vn.
1190 132 1380 178 εΡΙετ.
1406 135 1472 177 xx.
1534 144 1622 189 459

74 237 262 294 loquendi
273 241 428 280 modum
452 243 618 295 antiquis
638 245 819 284 iuriscon-
880 244 944 291 est,
967 245 1034 297 qui
1056 243 1195 285 nesciat
1213 247 1261 287 ab
1289 249 1541 298 interregibus
1557 247 1621 288 ad·

12 323 15 328 s
77 295 201 345 sultis,
223 310 388 351 quorum
419 297 552 351 scripta
582 302 742 353 periere,
768 297 823 340 fa?
878 304 1096 340 vocationes
1119 305 1196 356 peti
1218 318 1293 344 non
1329 304 1472 345 solere?
1511 308 1620 359 quip-

14 384 18 391 .
82 352 271 394 miliarem
291 355 459 393 arbitror
474 354 593 394 fuiss'e.
611 358 727 396 hodie
740 360 822 410 qui·
878 370 924 410 pe
946 372 1030 396 cum
1050 360 1256 409 interreges
1279 376 1356 400 non
1375 364 1469 401 iuris
1491 363 1619 401 dicun-

77 410 164 450 dem
201 409 370 464 exempla
401 412 582 452 habemus
612 427 818 468 perpauca:
875 415 927 460 di,
948 414 1008 453 scd
1030 425 1177 455 tantum
1204 418 1369 457 habendi
1390 422 1541 458 comitia
1553 434 1618 458 cu-

76 480 242 521 quorum
272 481 412 515 vnum,
441 479 481 508 vt
523 470 618 509 mihi
650 485 750 510 nunc
777 473 819 510 in

11 543 13 547 ·
73 535 241 563 mentem
269 528 387 573 venit,
419 525 654 576 subiungam.
683 527 749 568 lib.
774 539 807 569 1.

14 591 15 594 ’
74 579 122 619 de
140 583 247 621 Orat.
269 594 377 635 c.37.
424 582 565 641 Qaid?
602 585 659 624 his
674 585 809 638 paucis

72 635 229 686 diebus,
257 652 389 685 nonne,
419 642 522 679 nobis
549 642 589 679 in
617 641 811 681 tribunali

73 694 132 750 Q:
157 695 330 747 Pompeii,
354 698 549 749 praetoris
580 698 731 742 vrbam',
753 698 810 748 se-

6 794 10 795 γ
72 750 261 797 dentibus,
285 751 388 792 homo
407 766 457 793 ex
483 766 638 793 numero
660 754 816 805 dist-rto-

74 821 164 847 rum
182 807 409 862 pqstulabat,
431 820 475 849 vt
497 809 570 857 illi,
594 812 691 850 vnde
717 821 815 862 pete-

7 884 10 889 ·
74 874 200 912 rettcr,
219 875 329 905 vetus
347 877 460 921 atque
487 865 634 917 &stiam
653 869 818 919 exceptio

49 948 52 949 γ
74 919 252 969 daretur,
273 932 415 962 cvlvs
440 933 688 963 PECVNIAE
712 934 815 963 nffis

76 981 300 1018 misser?
351 977 452 1034 quod
486 982 662 1032 petitoris
697 977 819 1035 catgfflt

74 1045 339 1088 comparatum
371 1033 449 1090 este,
476 1050 550 1076 non
569 1036 820 1093 intelligebat.

131 1119 256 1161 Binas
300 1118 568 1161 aduocationes
602 1120 818 1175 pqstulent]

78 1177 193 1227 Quasi
211 1177 384 1216 beneficii
404 1176 503 1217 loco.
533 1192 635 1225 nam,
658 1193 743 1217 cum
764 1181 820 1217 in-

78 1243 243 1284 terreges
278 1232 410 1284 singuli
447 1249 516 1288 per
550 1235 629 1274 dies
669 1246 817 1275 tanturn

77 1292 249 1344 quinque
269 1291 350 1339 fint,
370 1305 438 1330 nec
471 1292 552 1330 dies
573 1306 705 1332 omnes
736 1291 818 1331 fasti

77 1347 161 1396 sint,
180 1346 320 1400 quibus
342 1357 488 1388 tantum
510 1347 652 1388 iudicia
672 1351 754 1389 fieri
776 1348 818 1388 li-

40 1450 42 1452 ·
78 1413 157 1444 cet:
185 1417 266 1443 non
290 1404 380 1444 esset
409 1404 645 1454 litigantibus
675 1408 818 1446 incom-

76 1461 192 1502 moda
212 1460 395 1510 conditio,
419 1462 446 1502 fi
473 1463 581 1502 binas
601 1462 821 1502 aduocatio-

77 1532 146 1558 nes
171 1532 193 1557 a
223 1517 374 1568 singulis
410 1520 664 1569 interregibus
702 1521 819 1573 impe·

77 1585 179 1615 trare
193 1574 351 1628 possent.
405 1577 585 1615 Binarum
606 1587 734 1616 autem
753 1577 817 1616 ad-

78 1634 326 1672 vocationum
356 1634 501 1672 mentio
528 1647 642 1673 vnam
671 1643 707 1672 et
728 1633 819 1674 alte·

80 1703 163 1729 ram
208 1688 353 1729 caussae
394 1691 582 1729 afflonem
629 1691 818 1739 fignificat.

81 1761 166 1786 cum
184 1748 286 1786 enim
307 1760 327 1784 a
349 1748 520 1799 patronis
539 1748 663 1796 agitur
686 1748 819 1797 cauffa,

81 1814 174 1844 tunc
195 1802 329 1845 adsunt
351 1803 528 1844 aduocati
546 1804 819 1854 iurisconsulti,

80 1862 147 1916 qui
169 1862 227 1900 ius
247 1859 457 1913 suggerant.

137 1945 292 1985 Satisne
323 1944 398 1985 tibi
431 1943 565 1986 videor
600 1945 669 1985 abs
694 1957 731 1985 te
762 1947 821 1984 ius
844 1982 854 1986 ,

81 2003 191 2044 ciui-'e
211 2000 397 2057 didiciffi]
427 2005 500 2041 Hic
524 2002 747 2049 ostenditur,
764 2000 821 2041 su-

81 2061 237 2113 periora
252 2073 320 2113 per
338 2060 464 2098 iocum
492 2058 564 2098 effe
582 2058 701 2113 dieta:
732 2060 822 2111 quia

81 2114 220 2156 scilicet
244 2116 290 2155 de
320 2115 501 2158 industria
521 2118 655 2155 Cicero
681 2117 747 2154 ita>
767 2113 823 2153 lo-

84 2183 191 2213 cutus
211 2174 275 2222 est,
295 2184 336 2212 vt
354 2175 412 2213 ius
433 2171 544 2211 ciuile
572 2186 706 2226 parum
727 2171 821 2210 didi-

86 2229 170 2268 ciss‘e
193 2231 398 2269 videretur.
429 2231 468 2268 in
489 2243 568 2281 quo
586 2240 712 2268 autem
731 2229 822 2268 haee

86 2285 318 2340 deprehendi
339 2286 446 2340 possit
460 2284 620 2334 inscitia,
639 2299 821 2338 quaeren-

86 2343 178 2382 dum
199 2345 261 2387 est.
288 2344 382 2383 mihi
401 2342 553 2382 videtur
569 2345 609 2382 in
634 2357 693 2390 eo,
715 2341 821 2395 quod

85 2399 241 2440 suadere
261 2398 297 2438 se
314 2399 558 2439 >debitoribus
579 2400 686 2446 dixit,
706 2409 746 2437 vt
765 2400 821 2438 bi-

85 2471 151 2497 nas
185 2457 452 2496 aduocationes
494 2458 541 2495 ab
568 2457 821 2504 interregibus

87 2512 288 2568 postulent.
317 2527 395 2566 quo
443 2512 536 2565 quid
582 2513 823 2566 imperitius?

88 2584 169 2609 non
188 2572 290 2608 enim
311 2572 357 2617 is,
381 2572 447 2622 qui
472 2572 669 2623 pecuniam
699 2566 823 2616 debet,

88 2626 151 2667 sed
173 2628 217 2669 is,
235 2628 296 2664 cui
316 2626 485 2671 debetur,
510 2640 531 2664 a
545 2627 760 2675 magistratu
769 2627 825 2664 iu-

89 2683 230 2722 dicium
249 2681 410 2736 postulat
440 2684 519 2721 eius
540 2682 744 2732 exigendae
764 2695 826 2735 pe-

91 2742 223 2779 cuniae
241 2738 371 2778 caussa.
397 2738 545 2786 deinde,
567 2741 650 2792 quis
670 2750 745 2776 tam
767 2753 828 2776 ru-

91 2796 148 2838 dis
167 2799 207 2838 in
218 2796 318 2848 foro,
336 2807 412 2836 tam
423 2797 575 2847 ignarus
595 2795 827 2837 iudiciorum

874 485 954 509 ram
984 484 1126 520 gerant.
1214 475 1311 513 Mihi
1344 476 1431 515 haec
1463 478 1619 515 interim

873 527 1036 580 placebit
1074 528 1271 578 sententia,
1306 532 1427 572 donee
1456 533 1619 573 meliora

865 588 950 637 quis
972 584 1149 624 attulerit.

923 655 1171 711 Haecst'gnu]
1257 657 1388 712 Sigtm,
1421 671 1457 700 et
1476 660 1617 700 indicia

873 711 971 761 sunt,
1003 723 1039 752 et
1075 715 1224 753 statuae.
1254 714 1314 752 hic
1358 716 1466 756 iocus
1499 719 1548 757 est
1577 720 1618 756 in

872 771 1047 819 ambigua
1075 771 1358 819 significatione.

931 829 976 866 ln
1002 840 1082 866 meo
1114 826 1338 879 Ttgfculano]
1393 831 1517 876 Quam
1548 827 1618 867 vil-

875 883 950 923 lam
976 885 1084 933 signis
1113 895 1330 922 ornauerat.
1371 888 1556 938 epist-23.
1580 896 1617 925 et

875 940 941 980 lib.
959 952 991 981 1.
1016 939 1062 979 ad
1085 943 1194 980 Attic.
1220 942 1363 994 epist-4

934 1011 1085 1063 Considi
1110 1022 1146 1050 te
1179 1026 1202 1050 a
1227 1011 1401 1065 Caesare]
1460 1011 1618 1052 Consuli

875 1068 1054 1107 dicuntur
1076 1068 1346 1116 iurisconsulti,
1375 1083 1458 1107 cum
1479 1069 1617 1122 aliquit

876 1126 990 1165 dubia
1018 1128 1058 1163 in
1087 1139 1128 1164 re
1157 1127 1328 1177 quaerit,
1357 1125 1449 1179 quid
1479 1141 1616 1165 verum

876 1184 918 1222 fit
953 1178 1196 1236 optimumue‘
1217 1181 1332 1221 factu.
1419 1185 1462 1221 In
1497 1185 1616 1223 Bruto

875 1255 904 1279 c.
919 1242 983 1281 26.
1013 1240 1057 1278 ln
1077 1253 1114 1277 eo
1133 1240 1190 1291 (P.
1219 1238 1363 1285 Crasso)
1384 1239 1619 1295 industriam

874 1297 1016 1350 constat
1028 1296 1225 1346 Ι[ιιηυηαηι
1235 1295 1360 1349 susse,
1390 1298 1617 1336 nimrimam-

875 1368 945 1409 que
957 1355 1145 1408 gratiam,
1181 1367 1266 1391 curn
1296 1363 1332 1392 et
1355 1353 1615 1401 consuleretur

870 1411 1097 1463 plurimum,
1113 1419 1152 1448 et
1178 1408 1333 1448 diceret.
1362 1411 1464 1463 epist.
1481 1420 1544 1462 13.

932 1479 1020 1520 Tibi
1038 1479 1084 1518 ab
1104 1476 1174 1519 illo
1193 1479 1352 1532 confidi]
1391 1483 1493 1519 Tuis
1517 1494 1616 1519 com-

875 1536 999 1576 modis
1022 1535 1218 1575 Caesarem
1239 1536 1446 1576 consulere.
1506 1539 1618 1576 Iocus

876 1595 927 1633 cst
951 1595 992 1631 in
1010 1595 1116 1632 varia
1139 1592 1308 1631 eiusdem
1343 1595 1451 1633 verbi
1483 1594 1618 1643 fignifi-

875 1652 1032 1692 catione.
1116 1649 1315 1702 Consitlere
1350 1651 1538 1705 aliquem,
1580 1658 1619 1690 et

875 1708 1009 1754 alicui,
1037 1706 1130 1760 quid
1149 1708 1213 1754 fit,
1251 1705 1312 1747 vel
1331 1707 1392 1748 hic
1414 1706 1521 1747 locus
1554 1706 1618 1746 de-

875 1764 1004 1803 clarat.

930 1833 1088 1888 Perfer]
1174 1835 1285 1884 Qiafi
1303 1847 1471 1884 grauem,
1504 1847 1618 1887 quam

875 1893 1086 1932 Trebatius
1106 1905 1183 1930 non
1214 1891 1378 1931 libenter
1404 1889 1533 1930 ferret.

928 1949 1007 2004 Ego
1039 1949 1140 1987 em‘m
1171 1948 1397 2000 desiderium
1435 1949 1508 1994 tui,
1547 1947 1618 2000 spe

877 2016 1031 2046 tuorum
1059 2004 1335 2045 commodorum
1376 2002 1622 2056 consolabor}

877 2063 987 2117 Epist.
1011 2073 1068 2102 10.
1091 2061 1223 2101 eadem
1246 2061 1427 2101 sententia
1442 2088 1454 2107 ,
1487 2060 1617 2099 verbis

877 2120 1030 2158 mutatis
1047 2135 1055 2157 ε
1078 2120 1138 2158 Sic
1156 2118 1229 2158 tibi
1246 2115 1476 2168 pefflcadeas
1490 2116 1619 2162 velim,

876 2191 992 2216 vnum
1011 2174 1105 2213 mihi
1125 2171 1396 2230 effefhlatium,
1420 2187 1539 2228 quare
1550 2172 1620 2223 fa-

877 2234 990 2273 cilius
1006 2230 1136 2284 poffi'm
1150 2233 1250 2283 pati,
1263 2242 1300 2269 te
1320 2227 1482 2283 efflstiue
1500 2228 1620 2276 nobit,

865 2290 919 2344 Jz'
931 2287 1005 2328 tibi
1024 2285 1088 2339 else
1107 2290 1148 2326 id
1166 2288 1414 2327 emolumento
1422 2287 1562 2336 sciam.

932 2345 1000 2384 Sin
1018 2344 1088 2398 ista
1109 2343 1206 2394 fimt
1230 2340 1429 2395 inaniora]
1490 2341 1617 2381 Infra:

878 2402 945 2441 Sin
966 2399 1038 2452 ssa
1055 2400 1271 2456 frigebant.

936 2458 1022 2496 Vna
1043 2455 1265 2510 mehercule]
1288 2457 1397 2510 Epist.
1414 2466 1475 2496 10.
1487 2456 1620 2495 eadem

880 2512 1074 2552 sententia.

934 2568 1158 2622 collocutio]
1192 2580 1196 2584 ⁴
1246 2568 1474 2626 Conguffio,
1525 2566 1620 2609 dixit

881 2641 901 2665 e
931 2628 983 2665 ist.
1010 2638 1071 2667 10.

903 2640 1075 2722 POmnes
1097 2681 1390 2722 Samarobriuae
1415 2691 1525 2721 ERN.
1554 2682 1619 2721 Sa·

881 2738 1141 2791 marubi-inae]
1176 2742 1267 2778 Non
1296 2739 1412 2778 modo
1439 2753 1525 2784 vna,
1553 2737 1626 2791 sed¹

882 2809 1035 2843 onmes,
1089 2805 1280 2850 quotquot
1327 2794 1399 2835 esse
1453 2793 1617 2849 poffunt,

1519 2852 1618 2891 Vrbs
