1863 3172
305 173 373 218 ΙΝ
401 178 521 218 Cic.
559 176 762 217 EPIST.
793 177 931 218 FAM.
961 175 1074 216 LIB.
1094 177 1158 216 IV.
1195 175 1379 216 Epis'r.
1398 178 1481 216 XII.

112 288 166 336 fit,
186 288 261 328 flue
277 285 416 336 aliena,
436 288 517 328 vim
545 290 759 331 constituit:
788 303 856 329 no-

112 347 198 393 stra,
210 360 293 385 cum
303 344 441 399 aliquis
460 345 578 394 ferro,
590 361 753 395 veneno,
765 346 852 385 alia-

110 416 159 442 ve
176 417 216 442 re
237 402 316 457 ipse
350 403 418 442 (ibi
444 414 610 443 mortem
644 403 855 443 consciscit:

109 457 246 506 aliena,
267 473 350 498 cum
375 463 423 499 ab
449 462 620 508 inimico,
651 459 712 500 vel
741 463 855 500 ctiam

108 530 130 555 a
151 515 241 555 feris
262 518 515 571 opprimitur:
530 531 690 570 quarum
711 519 774 557 etii
789 532 856 556 vo-

109 569 234 612 luntas
272 574 440 613 ferarum
480 577 636 628 propria
679 589 758 614 non
792 575 853 618 {it3

108 632 297 683 appetitus
331 642 456 670 tamen
490 628 555 670 ille
597 630 755 686 speciem
784 645 852 670 vo-

105 684 263 726 luntatis
291 688 415 727 habet.
473 686 587 726 Casus
611 687 851 728 xoluntattm

108 742 283 784 excludit.
328 747 352 783 fi
383 745 467 797 quis
496 746 611 792 enim,
631 744 693 784 vel
724 747 850 798 inopi-

107 812 195 840 nata
215 803 339 846 ruina,
364 799 425 839 vel
447 799 659 851 naufragio,
686 800 748 842 vel
770 805 847 842 ieiu

107 857 175 898 teli
194 868 336 897 temere
353 857 461 905 miffi,
479 871 500 896 a
521 860 601 898 vita
621 857 851 907 discedit,cst

106 913 172 954 illa
202 914 356 967 quidem
385 916 538 953 inimica
578 927 734 956 naturae
772 918 851 963 vis3

106 968 170 1011 secl
190 974 278 1024 quia
298 969 475 1011 voluntas
502 973 626 1019 abest,
656 972 702 1011 ad
724 971 850 1013 casum

106 1027 248 1075 refero,
269 1042 348 1068 non
375 1028 423 1067 ad
446 1030 546 1068 vim:
576 1031 599 1068 fi
621 1029 739 1070 modo
760 1044 848 1070 con·

105 1083 272 1132 ceditur,
308 1095 349 1124 vt
374 1085 466 1124 baec
494 1085 669 1126 subtilius
710 1089 848 1127 exami-

105 1152 255 1182 nentur.
287 1143 338 1181 fin
356 1141 486 1197 paullo
515 1145 768 1193 communius,
796 1155 846 1193 et,

105 1210 147 1239 vt
165 1201 218 1238 ita
242 1199 376 1246 dicam,
396 1199 553 1240 rudiore
565 1203 742 1241 Minerua
773 1200 848 1240 dis-

103 1266 301 1310 putamus3
354 1267 581 1310 Vtrumque,
630 1259 705 1298 flue
742 1259 847 1306 adsit,

101 1315 178 1353 flue
205 1314 297 1353 abfit
324 1312 522 1361 voluntas,
558 1314 605 1353 ad
634 1315 759 1354 casum
790 1330 846 1355 re-

101 1370 196 1410 ferri
218 1371 357 1423 potest:
395 1385 509 1423 quem
528 1371 726 1411 fortunam
752 1387 845 1426 quo-

100 1435 178 1481 que
198 1429 464 1467 nominemus:
492 1443 572 1467 non
601 1429 707 1482 quod
738 1431 846 1479 igno-

101 1498 229 1524 remus
253 1498 310 1531 ea,
337 1499 435 1537 quae
459 1484 601 1538 scripfit
627 1485 844 1526 Aristoteles

102 1542 236 1586 Phyfic.
259 1541 324 1581 lib.
349 1555 385 1582 2.
405 1557 490 1581 cum
512 1541 634 1581 casum
658 1553 696 1588 et
724 1542 847 1583 fortu-

102 1612 190 1638 nam
217 1596 482 1646 distingueret:
520 1599 583 1639 sed
615 1600 682 1639 vbi
709 1602 844 1640 mortis

101 1667 240 1706 genera
283 1653 570 1704 discernuntur,
616 1656 845 1696 concedatur

101 1711 263 1752 alterum
310 1712 358 1752 ab
394 1712 516 1753 altero
557 1711 644 1752 non*
675 1712 843 1754 differre.

101 1771 232 1822 itaque
253 1783 337 1808 cum
358 1784 487 1810 necem
505 1769 668 1810 Didonis
691 1771 739 1810 ad
767 1770 844 1810 for-

101 1837 233 1867 tunam
251 1825 434 1867 retuliffet
453 1826 636 1877 Virgilius
667 1827 735 1868 illo
759 1842 844 1868 ver-

102 1882 166 1923 su:
193 1884 324 1936 (653.)

158 1969 267 2011 Vixi,
296 1979 345 2014 et,
372 1980 483 2023 quem
505 1964 670 2008 dederat
692 1967 843 2020 cursim!

260 2024 442 2078 fortuna,
470 2025 627 2080 peregi.-

100 2108 295 2151 subiunxit
323 2110 498 2148 Seruius:
543 2110 727 2149 Humana
758 2110 845 2149 vita

78 2167 227 2211 'tribus
259 2168 498 2214 continetur,
539 2176 697 2212 namra,
735 2165 841 2217 fato,

94 2223 276 2276 fortuna,
303 2224 345 2262 id
355 2222 415 2276 (st,
436 2221 540 2276 cafit,
555 2224 622 2278 qui
643 2221 700 2261 ad
715 2224 841 2261 omnia

96 2281 288 2332 pertinet,
319 2292 417 2334 quae
462 2280 699 2330 extrinfi’cm'·

101 2335 253 2385 Qiibus
274 2337 401 2374 verbis
424 2338 592 2388 primum
611 2333 706 2374 illud
721 2336 843 2379 osten-¹

100 2392 169 2440 dit,
189 2392 382 2431 fortunam
403 2402 441 2430 ct
469 2391 591 2431 casum
619 2391 718 2430 idem
749 2391 840 2431 effe:

100 2448 252 2495 deinde,
272 2448 460 2502 quidquid
492 2448 719 2489 extrinsecus
749 2449 839 2487 acci-

100 2506 187 2553 dat,
223 2504 286 2545 vel
314 2518 400 2544 cum
431 2504 645 2552 voluntate,
677 2504 739 2544 vel
763 2505 838 2544 fine

98 2561 313 2609 voluntate,
358 2559 407 2600 ad
452 2562 576 2602 casum
625 2564 839 2615 pertinere:

99 2619 207 2674 quod
242 2616 459 2658 Alexandro
485 2632 641 2672 quoque
676 2617 837 2672 placuit:

99 2678 168 2731 qui
194 2674 392 2716 fortunam
420 2685 457 2725 et
489 2675 700 2715 casunsita
730 2674 837 2714 simul

99 2735 287 2783 nominat,
311 2742 353 2771 vt
370 2729 533 2778 alterum
552 2732 600 2772 ab
616 2730 736 2771 altero
757 2746 837 2771 non

100 2788 314 2839 distinguat.
368 2789 420 2827 Ex
442 2789 583 2842 quibus
603 2789 775 2836 efficitur,
795 2798 837 2829 vt

99 2848 236 2892 nortis
257 2847 330 2886 tria
347 2854 495 2888 tantum
513 2846 583 2888 [int
603 2857 753 2895 genera,
772 2859 837 2885 nn·

730 2278 840 2329 fimt.
850 2318 853 2319 γ

1582 193 1661 234 291

913 298 1012 335 tura,
1043 287 1136 338 fato,
1170 288 1250 329 casu
1285 290 1360 330 siue
1391 289 1567 331 fortuna:
1609 293 1671 331 [ὴίΙ

913 344 1037 384 casum
1084 361 1105 385 a
1150 347 1349 388 voluntate
1396 350 1660 398 disiungimus,

913 413 1270 454 quattuor-‚natum
1294 405 1386 452 fato,
1400 405 1498 453 casu,
1516 409 1566 446 vi.
1591 409 1659 444 Re-

912 457 1060 512 liquum
1088 463 1150 504 cst,
1181 472 1221 500 vt
1252 463 1513 507 ωίῒεηάηιιιυς,
1544 477 1658 515 quam

912 515 1136 555 sententiam
1191 520 1415 570 probauerit
1456 519 1658 572 Sulsiiius,

913 587 996 611 cum
1033 576 1073 611 in
1106 575 1216 612 bonis
1255 576 1376 613 casum
1416 584 1450 613 ct
1481 591 1657 616 naturum

911 629 1101 669 dominari
1151 631 1257 669 dixit.
1345 634 1510 670 Primum
1560 632 1656 673 illud

908 699 1037 741 pono:
1066 686 1259 727 diss'entire
1277 685 1384 726 illum
1400 690 1654 743 aChrysrppo,

908 745 977 798 qui
1006 743 1053 782 ad
1081 744 1197 784 fatum
1230 746 1359 783 omnia
1388 749 1540 785 remit:
1585 748 1655 786 uis-

906 803 1046 841 tenure
1066 803 1177 840 etiam
1208 804 1433 841 aCicerone
1465 813 1502 841 et
1533 806 1652 853 Virgi-

907 856 976 905 lio,
989 860 1056 911 qui
1074 860 1145 898 tria
1159 861 1292 898 mortis
1315 873 1452 908 genera
1464 860 1649 901 fecerunt.

908 915 1048 954 deinde
1073 915 1168 955 illud
1194 915 1406 964 subiungo:
1446 931 1530 955 cum
1552 920 1650 957 Peri-

907 974 1093 1026 pateticis',
1129 984 1304 1012 naturam
1330 985 1367 1012 et
1399 973 1517 1012 fatum
1548 978 1652 1014 inem

909 1029 994 1078 effe,
1033 1028 1241 1083 placuerit;
1286 1029 1449 1082 satisque
1495 1034 1650 1080 conflet,

904 1100 984 1125 non
1007 1099 1140 1126 onmes
1166 1088 1341 1126 homines
1369 1100 1502 1126 natura
1531 1100 1567 1128 et
1594 1089 1656 1128 fa-'

904 1153 958 1191 to,
980 1142 1020 1182 id
1039 1145 1104 1191 cst,
1133 1153 1174 1183 vt
1206 1143 1308 1182 idem
1337 1156 1546 1198 Vtrumque
1574 1145 1647 1185 esse

903 1201 1161 1254 Peripateticis
1180 1201 1238 1239 hic
1252 1199 1470 1250 largiamur,
1483 1201 1649 1242 naturali

902 1268 1028 1296 morte
1048 1271 1127 1296 non
1143 1272 1274 1297 omnes
1294 1259 1473 1304 interire;
1503 1259 1648 1299 necesse

903 1315 1042 1361 videri,
1077 1313 1212 1354 iisdem
1255 1312 1444 1368 placuisse,
1488 1315 1648 1357 alteram

902 1370 987 1414 effe,
1024 1382 1176 1424 praeter
1222 1382 1396 1410 naturam
1438 1382 1475 1411 et
1511 1373 1647 1421 fatum,

901 1429 1080 1467 interitus
1104 1429 1262 1467 humani
1282 1427 1454 1468 caussam.
1486 1444 1527 1469 ea
1551 1445 1648 1472 vero

901 1482 1000 1524 nihil
1026 1484 1143 1531 aliud,
1166 1500 1279 1538 quam
1301 1484 1416 1534 casus,
1440 1486 1479 1524 id
1503 1489 1566 1535 est,
1587 1502 1648 1526 ex-

901 1552 1007 1582 terna
1026 1544 1098 1588 vis,
1120 1543 1194 1581 flue
1215 1543 1489 1589 humana‚cum
1510 1543 1650 1583 volun-

902 1609 990 1646 tate,
1006 1599 1082 1637 siue
1098 1594 1182 1637 non
1203 1600 1380 1645 humana,
1404 1600 1480 1638 fine
1512 1601 1651 1639 volun-

902 1666 992 1702 tate,
1012 1656 1164 1695 videtur
1195 1654 1266 1694 ess'e
1293 1654 1408 1709 pofl'e.
1507 1660 1551 1696 Et
1573 1664 1648 1697 De-

900 1712 1128 1758 mosthenes,
1149 1714 1298 1758 Cicero,
1317 1711 1511 1762 Virgilius,
1533 1716 1650 1753 Taci-

901 1780 973 1818 tus,
1001 1768 1166 1822 aliq1:am
1189 1769 1345 1809 cauffam
1369 1773 1517 1816 mortis,
1542 1786 1647 1823 prae-

900 1836 960 1866 ter
1005 1836 1202 1875 naturam,
1240 1836 1467 1880 praeterque
1514 1828 1649 1876 fatum,

899 1897 1104 1932 agnouere.
1161 1885 1316 1922 Secutus
1347 1884 1465 1932 igitur
1497 1887 1647 1938 Peripa-

900 1942 1035 1980 teticos
1074 1937 1282 1992 Sulpicius,
1322 1939 1497 1990 (dederat
1545 1945 1648 1982 enim

900 2010 1058 2050 operam
1092 1995 1377 2050 philosophiae,
1416 2008 1457 2036 vt
1491 2001 1592 2051 epist.
1611 2012 1647 2052 3.

901 2055 997 2093 etin
1015 2056 1133 2092 Bruto
1154 2059 1283 2105 0·4¹·)
1304 2051 1381 2091 duo
1409 2063 1554 2093 tantum
1585 2069 1646 2105 ge-

899 2124 992 2150 nera
1010 2112 1144 2149 mortis
1173 2109 1274 2157 fecit,
1286 2128 1293 2130 >·
1305 2109 1440 2156 casum,
1470 2121 1508 2150 et
1538 2124 1647 2151 natu·

899 2182 1002 2207 ram:
1039 2167 1115 2205 flue
1147 2166 1260 2214 dieas,
1298 2165 1492 2205 fortunam
1525 2178 1562 2207 et
1593 2168 1647 2208 fa-

898 2234 1001 2263 tum:
1030 2226 1214 2276 quoniam
1245 2223 1400 2276 quidem
1430 2238 1497 2262 nec
1517 2225 1647 2265 differ-

898 2295 941 2320 re
976 2279 1172 2319 fortunam
1208 2294 1228 2318 a
1271 2279 1378 2326 casu,
1422 2283 1644 2322 auetoribu:

897 2335 1077 2385 Virgilio,
1095 2338 1242 2382 Seru'o,
1271 2334 1487 2375 Alexandro
1518 2342 1645 2387 etiam,

900 2395 1238 2447 Peripateticorum
1259 2394 1511 2446 interpretum
1541 2397 1646 2448 prin-

897 2452 991 2504 cipe,
1008 2450 1092 2488 satis
1120 2449 1372 2488 ostendimus:
1400 2461 1436 2488 ct
1459 2453 1558 2490 inter
1581 2467 1647 2491 na-

894 2503 1020 2545 turam
1036 2518 1073 2545 et
1094 2504 1212 2545 fatum
1226 2504 1321 2544 nihil
1337 2507 1524 2555 interesse,
1537 2523 1645 2562 prae·

896 2574 954 2603 ter
972 2577 1127 2609 nomen,
1147 2563 1246 2601 idem
1265 2563 1476 2602 Alexander
1497 2578 1540 2604 ex
1560 2568 1645 2604 Ari-

897 2618 1037 2671 stotelis
1056 2634 1182 2658 mente
1195 2619 1376 2673 prodidit.
1398 2621 1528 2673 itaque
1548 2622 1644 2662 duo-

893 2679 965 2716 bus
1030 2678 1252 2715 nominibus
1311 2675 1449 2715 cauffas
1506 2680 1641 2718 morti·

894 2746 1042 2781 omnes,
1088 2746 1173 2772 cum
1217 2730 1369 2787 periisse
1419 2734 1644 2774 Marcellum

895 2789 991 2836 casu,
1012 2803 1091 2828 non
1111 2800 1259 2837 natura,
1288 2790 1493 2838 significare
1512 2790 1642 2838 vellet,

894 2845 1082 2899 Sulpicius
1110 2845 1412 2901 comprehendit.

949 2903 993 2943 T
1021 2913 1048 2944 2
1565 2904 1644 2946 Vor
