1863 3172
304 84 374 154 m
400 104 909 154 C1C.1·:1²1s·r.1³AM.
946 112 1143 152 L113.11.
1183 112 1504 155 er1s‘r.xxx.
1571 126 1654 169 207

101 227 205 282 epist.
223 228 290 279 67.
303 237 384 267 erat
404 237 532 266 autem
546 225 848 274 Laodiceae-,vbi
907 241 992 266 rum
1023 236 1173 279 tempus
1202 227 1389 267 ostendit:
1422 239 1463 267 vt
1496 225 1648 269 oran}-

100 284 234 324 manfit
261 284 308 322 ad
334 283 431 323 Idus'
452 286 567 323 Maii:
605 283 712 337 quod
741 284 849 333 signi·
905 285 946 322 in
979 281 1186 323 Catilinam
1214 298 1243 322 c.
1266 297 1301 338 9.
1335 285 1509 339 Tameffl'
1533 284 1652 326 video,

101 344 188 381 ficat
208 338 274 380 lib.
296 351 332 393 ς.
351 341 397 381 ad
410 343 637 394 Attic.cpist.
650 340 714 380 vlt.
734 351 770 380 et
782 339 848 379 lib.
890 340 1027 392 simeo
1044 355 1130 380 voce
1147 342 1383 392 perterritus
1403 345 1462 383 ire
1480 344 1521 382 in
1542 344 1651 394 exste-

103 401 142 442 6.
161 396 209 439 ad
229 397 392 441 cundem
413 400 516 452 epist.
537 411 576 440 2.
598 411 690 447 ergo
713 396 847 449 scripta

101 457 155 494 est
172 453 328 508 epistola
355 469 436 494 non
459 457 598 508 quibus
628 452 844 493 consulibus

101 513 240 551 Cicero
260 513 335 553 iuit
355 513 394 551 in
416 514 669 566 prouinciam,
679 509 847 562 Sulpicio

104 578 141 608 et
176 567 375 617 Marcello,
427 569 487 608 sed
524 569 662 622 quibua
700 565 847 606 deceffit

102 623 239 666 Paullo
258 637 294 665 et
316 625 512 666 Marcello.

160 681 234 721 Dii
255 683 476 737 approbent]
508 685 730 722 Fortunent.
743 676 848 732 quod

102 739 207 785 enim
229 738 284 777 dii
301 740 538 794 approbant,
573 735 753 790 prospere
773 735 849 775 suc-

106 795 216 835 cedit.
289 805 293 809 '

103 885 107 891 *
165 865 407 920 Posteritatis
436 863 541 917 otio]
581 865 723 903 Posteri
758 874 851 903 tem-

105 924 212 977 poris
234 924 326 962 otio.
352 921 556 976 Posteritas
575 925 678 961 enim
699 935 777 960 non
795 920 850 959 so-

106 979 187 1020 lum
205 981 373 1034 posteros
381 1008 395 1028 ,
422 993 557 1020 verum
588 981 703 1019 etiam
731 979 850 1032 poste-

904 399 1001 436 lium
1031 399 1201 447 animum
1235 396 1458 448 induxeris,
1502 411 1651 456 quanta

903 452 1096 506 tempestas
1131 455 1299 493 inuidiae
1323 455 1507 508 nobis,J1
1524 459 1649 497 minui·

905 512 946 549 in
967 508 1145 561 praesens
1166 521 1331 562 tempus,
1349 516 1496 553 recenti
1520 528 1649 553 memo·

906 569 968 604 ria
979 565 1168 617 scelerum
1187 578 1354 614 tuorum,
1376 582 1419 608 at
1438 573 1478 609 in
1494 570 1650 624 posteri-

905 633 1025 662 tatem
1043 621 1268 674 impendeat.
1310 626 1353 662 Et
1373 625 1471 664 infra
1493 627 1648 667 ibidem:

907 683 968 732 Au
1010 678 1199 718 inuidiam
1242 681 1476 732 posteritatis
1510 687 1614 723 times
1630 687 1649 723 ?

905 734 1042 775 Caesar
1070 739 1183 774 etiam
1217 734 1281 776 lib.
1312 750 1345 778 1.
1376 739 1423 778 de
1460 738 1547 778 bell.
1579 742 1651 781 ciu.

908 807 937 831 c.
973 804 1031 845 13.
1071 792 1219 832 Habeat
1243 797 1430 835 rationem
1454 797 1665 851 pqsteritav

906 851 972 898 tis,
1009 861 1047 889 et
1063 853 1156 902 peri·
1172 852 1313 900 ulism'.

966 920 1165 974 Consules]
1215 923 1430 976 Prqsjoe'cias
1465 924 1649 976 consulas,

908 978 1002 1018 dixit
1029 980 1094 1018 lib.
1124 990 1158 1031 3.
1178 981 1281 1034 epist.
1301 991 1340 1022 2.

541 1117 1053 1158 ‚EPISTOLAE
1112 1119 1229 1157 XIX.

519 1211 1252 1262 ARGVMENTVM.

222 1323 410 1380 Ostendit,
433 1327 621 1379 aptiorem
636 1324 722 1376 sthi
740 1324 966 1380 quaestorem
993 1323 1184 1381 obtingere
1214 1339 1287 1365 non
1305 1322 1482 1380 P⁰¹¹¹fffi³
1512 1338 1548 1366 et
1567 1325 1650 1366 hor-

104 1392 235 1431 tatur,
266 1393 309 1422 vt
337 1392 509 1422 maturet
528 1384 570 1422 in
584 1384 824 1434 prouinciam
852 1384 988 1427 venire,
1011 1395 1214 1439 antequam
1232 1383 1306 1434 ipfi’
1325 1382 1507 1424 decedat.-
1540 1385 1649 1435 polli-

107 1450 219 1480 cetur
235 1450 364 1478 autem
384 1453 633 1496 quaecumque
663 1438 718 1478 ad
733 1452 818 1479 eum
851 1438 1068 1479 ornandum
1097 1439 1267 1492 conferre
1296 1442 1453 1494 poterit.
1510 1441 1650 1482 Paullo

108 1506 147 1536 et
165 1497 356 1537 Marcello
378 1492 460 1552 roffi

591 1611 1179 1669 EXPLANATIO.

113 1697 282 1783 Caldo]
317 1701 541 1749 Cognomen
572 1699 796 1740 Coeliorum
816 1703 857 1740 in
915 1701 1040 1742 ciliani
1081 1699 1362 1749 Lilybaetanus,
1401 1710 1438 1740 et
1464 1701 1652 1747 Syracusa-

176 1759 352 1809 <antiquo
372 1770 529 1795 nummo
548 1757 799 1797 humanissimi
822 1769 859 1798 et
914 1774 1004 1798 nus:
1033 1759 1138 1813 quod
1165 1757 1342 1810 scriptum
1363 1760 1413 1797 est
1429 1758 1530 1812 apud
1544 1757 1652 1798 Asco-

113 1813 348 1853 eruditissimi
379 1814 544 1853 hominis
575 1813 700 1853 Fuluii
723 1817 857 1855 Vrsmi.

111 1873 218 1910 Duos
239 1872 453 1923 quaestores
480 1871 626 1916 habuie
646 1874 781 1912 Cicero
813 1875 855 1911 in

110 1926 300 1969 Ciliciensi
331 1929 542 1980 prouincia,
563 1932 604 1969 L.
630 1928 855 1968 Mescinium

111 1985 282 2032 Rufum,
313 1984 360 2024 de
388 1999 466 2037 quo
496 1984 562 2025 lib.
592 1997 628 2039 ς.
657 1988 759 2038 epist.
794 1999 856 2039 19.

111 2053 179 2082 20.
203 2052 268 2081 21.
298 2039 364 2081 lib.
391 2053 453 2094 13.
479 2044 581 2095 epist.
604 2046 672 2086 26.
712 2043 778 2083 lib.
796 2048 855 2086 16.

113 2099 216 2152 epist.
242 2111 282 2152 4.
302 2108 338 2137 et
367 2099 435 2137 Cn.
467 2097 682 2145 Volusium,
705 2099 751 2139 de
778 2115 856 2153 quo

113 2153 180 2196 lib.
205 2166 240 2208 5.
262 2154 310 2194 ad
331 2157 441 2194 Attic.
461 2157 564 2209 epist.
595 2169 659 2198 11.
679 2160 719 2195 in
737 2170 855 2198 extre-

114 2227 180 2251 mo
197 2222 324 2251 autem
353 2225 456 2250 anno
471 2243 480 2260 ‚
508 2212 720 2253 discedente
740 2213 856 2254 Volu-

114 2270 181 2316 fio,
201 2269 264 2320 (sic
274 2270 375 2308 enim
389 2270 440 2307 est
457 2269 701 2316 credendum)
724 2269 858 2311 succes-

114 2327 157 2377 fit
185 2324 338 2365 Coelius
367 2324 530 2374 Caldus,
561 2342 674 2380 quein
703 2331 859 2381 prouin-

117 2384 197 2422 ciae
238 2381 420 2422 decedens
463 2384 605 2423 Cicero
630 2384 857 2438 praeposuit.

117 2441 222 2494 epist.
245 2451 309 2492 15.
328 2449 364 2479 et
389 2437 455 2479 lib.
469 2441 564 2482 aad
581 2444 690 2481 Attic.
703 2443 806 2496 epist.
819 2445 857 2485 6.

117 2593 120 2596 ,
177 2552 229 2592 Te
273 2552 368 2593 mihi
380 2570 381 2574 ¹
403 2553 630 2610 quaestorem
667 2552 856 2611 obt1giffb]

114 2612 162 2651 In
190 2609 388 2663 plerasque
416 2612 634 2663 prouincias
653 2624 738 2650 cum
771 2625 859 2664 pro-

117 2665 334 2707 consulibus
364 2678 430 2706 aut
455 2668 768 2720 propraetoribus
789 2669 857 2707 fin-

117 2722 198 2773 guli
217 2725 311 2764 iuris
330 2723 483 2763 dicundi
503 2726 622 2772 gratia
643 2726 858 2776 quaestores

118 2781 239 2830 ibant,
266 2783 308 2820 in
334 2779 538 2822 nonnullas
559 2781 654 2831 bini,
674 2790 728 2838 *vt
743 2783 785 2822 in
805 2783 859 2822 Si-

913 1818 1032 1855 nium.
1061 1815 1157 1854 duos
1170 1826 1206 1854 et
1226 1816 1360 1854 Cicero
1387 1815 1522 1856 habuit
1538 1818 1578 1854 in
1591 1818 1651 1854 Ci-

909 1871 1051 1911 licienfi
1073 1874 1284 1926 prouincia,
1294 1874 1364 1911 Cn.
1385 1871 1593 1919 Volusium,
1606 1873 1652 1912 de

909 1943 988 1982 quo
1004 1929 1070 1970 lib.
1089 1945 1122 1976 ς.
1141 1930 1189 1968 ad
1209 1930 1323 1968 Attic.
1335 1932 1440 1983 epist.
1469 1942 1528 1971 ιι.
1553 1944 1588 1969 et
1606 1933 1651 1970 L.

913 1985 1152 2034 Mescinium,
1169 1987 1303 2038 dequo
1315 1984 1380 2025 lib.
1398 1997 1456 2037 ¹3·
1471 1989 1572 2038 epist.
1584 1990 1652 2029 26.

914 2042 981 2083 lib.
1007 2047 1064 2086 16.
1086 2044 1188 2097 epist.
1209 2057 1248 2095 4.
1269 2053 1306 2081 et
1325 2041 1390 2081 lib.
1405 2047 1442 2083 6.
1462 2043 1510 2081 ad
1541 2046 1651 2082 Attic.

915 2101 1018 2154 epist.
1030 2113 1118 2154 47.
1148 2114 1216 2138 nec
1235 2113 1360 2138 tamen
1379 2099 1476 2147 aliis,
1489 2102 1554 2153 qui
1568 2116 1654 2139 ean-

914 2158 999 2197 dem
1043 2159 1282 2210 prouinciam
1326 2166 1514 2204 rexerant,
1558 2158 1654 2197 duos

913 2215 1126 2268 quaestores
1151 2213 1260 2252 fuifl'e
1287 2213 1476 2253 arbitror:
1509 2213 1571 2254 sed
1594 2217 1654 2254 Ci-

915 2273 1074 2318 ceroni,
1107 2280 1148 2309 vt
1177 2280 1250 2309 tres
1278 2268 1452 2314 διοικήσεις
1475 2272 1654 2311 Asiaticae

915 2340 1020 2367 extra
1056 2326 1245 2374 ordinem,
1283 2327 1330 2365 fic
1367 2328 1526 2367 honoris
1553 2328 1654 2368 caus-

911 2384 947 2424 sa
990 2385 1068 2423 duo
1096 2385 1310 2436 quaestores
1356 2384 1444 2424 dati.
1484 2399 1650 2438 quorum

915 2441 1011 2480 alter
1028 2443 1069 2479 in
1094 2450 1273 2493 quattuor
1291 2442 1483 2480 veteribus
1510 2442 1653 2482 dioece-

914 2499 1011 2537 fibus
1028 2527 1040 2544 ‚
1070 2497 1226 2545 Cilicia,
1254 2498 1490 2551 Pamphylia,
1518 2502 1656 2545 Lycao-

915 2557 990 2601 nia,
1023 2555 1202 2603 Phrygiae-
1228 2550 1384 2593 maioris
1416 2567 1522 2609 parte
1555 2556 1654 2596 witra

913 2611 1178 2663 Maeandrum,
1207 2623 1304 2665 quae
1315 2611 1363 2650 ab
1383 2612 1579 2652 ordinario
1593 2616 1651 2653 Ci-

913 2667 1022 2708 liciae
1049 2666 1297 2722 proconsule,
1317 2667 1378 2707 vel
1403 2682 1653 2723 propraetore

913 2723 1020 2764 fimul
1058 2739 1189 2764 ornnes
1218 2725 1467 2774 regebantur,
1493 2725 1586 2766 alter
1610 2730 1650 2766 in

912 2782 1200 2838 tribus—nouis,
1219 2781 1402 2843 ademptis
1430 2783 1534 2823 Afiae
1563 2797 1652 2836 pro-

1490 2841 1650 2889 vinciae,
