1863 3172
143 857 145 861 .
207 830 311 867 cium
331 836 452 865 artem
471 825 659 864 adhibuit.

205 88 266 141 η
416 84 643 128 imvm
684 82 972 137 MANVTH

186 209 270 246 φωῆν
289 198 455 245 ἐπιςολιῖν.
540 196 720 252 Exempla
751 212 860 247 vero,
889 213 952 247 ne,

208 256 318 312 quod
334 256 447 305 adest,
458 253 573 305 longe
592 265 778 309 petamus,
797 256 845 295 ad
856 258 953 295 Len-

207 314 335 357 tulum
362 313 520 367 scriptae
558 311 739 366 epistolae
779 312 954 366 suppedi-

205 380 301 413 tant.
358 367 568 420 negotiales
599 371 701 412 enim
721 384 852 409 omnes
871 369 952 409 fere

206 429 317 470 sunt:
346 438 383 466 et
403 428 463 466 his
484 436 611 466 tamen
630 425 794 470 morales
813 429 953 476 >Cicero

205 486 410 526 sententias
432 483 597 523 libenter
616 483 815 532 admiscet,
842 485 954 522 nimi·

205 557 305 585 rum.
315 541 431 582 officii
450 539 592 587 cauffa3
627 550 688 590 vt,
717 542 762 580 in
787 542 954 593 patriam

208 613 343 653 opera,
362 612 406 637 ac
420 599 564 638 virtute
577 596 726 636 Lentuli
737 607 952 645 reuocatus,

163 684 166 687 ι
206 658 307 698 tanti
324 656 498 696 beneficii
519 655 755 702 memoriam,
773 663 809 693 et
829 668 954 693 remu·

206 713 371 753 nerandi
391 711 555 751 studium
585 709 760 750 declaret.
799 709 970 750 fortaffe'

189 773 339 818 etiam,
360 779 402 809 vt
421 769 577 817 ingenio
603 766 769 815 valebat,
801 767 954 806 ad'offi-

729 838 832 872 nam,
862 826 953 877 quia

205 883 373 927 morales
392 884 434 921 in
459 883 592 936 primis
613 880 660 920 ad
677 880 953 920 conciliandam

189 938 523 983 *beneuolentiam
553 937 715 978 idoneae
745 938 953 978 sententiae

205 997 317 1041 suut3
346 996 512 1044 idcirco,}
530 994 703 1035 futurum
722 995 953 1045 intelligens,

205 1065 253 1095 vt
272 1051 499 1102 negotialem
523 1052 637 1092 huius
658 1054 804 1106 primae
821 1055 954 1107 episto—

206 1111 268 1152 lae
301 1120 461 1164 partem,
498 1108 540 1148 id
579 1111 643 1155 est,
678 1112 953 1157 narrationem,

206 1166 392 1210 Lentulus
429 1180 509 1205 non
543 1165 752 1205 admodum
790 1165 954 1206 libenter

205 1224 365 1275 legeret,
387 1225 528 1277 quippe
548 1237 646 1275 quae
664 1223 818 1262 aduersa
834 1237 954 1277 paene

207 1296 354 1328 omma,
379 1292 415 1320 et
434 1279 654 1319 inclinatam
684 1295 764 1319 rem
785 1280 955 1320 ostende·

206 1350 289 1385 ret3
320 1351 402 1377 eam
420 1336 632 1376 molestiam
657 1336 796 1376 morali
815 1340 954 1391 princi·

205 1397 275 1451 pio
300 1393 513 1434 leniendam
538 1396 700 1447 putauit.
738 1394 785 1433 ad
810 1394 953 1434 lenien-

208 1453 302 1492 dum
319 1462 458 1500 autem,
474 1452 500 1490 fi
521 1462 644 1490 cetera
663 1452 847 1502 deficiant,
871 1451 951 1506 ipsa

206 1521 338 1551 tamen
357 1509 513 1555 amoris,
534 1519 571 1547 et
592 1511 688 1558 grati
707 1511 824 1548 animi
845 1511 952 1560 figni-

207 1569 335 1607 ficatio
355 1564 518 1605 multum
543 1564 655 1605 valet.
697 1577 733 1605 et
757 1577 862 1616 grata
884 1581 952 1606 vo-

206 1624 333 1665 luntas
375 1622 550 1662 societate
583 1623 746 1676 quadam
781 1623 949 1663 eiusdem

209 1680 356 1720 doloris
402 1679 622 1720 ostenditur.
682 1680 796 1721 dolor
820 1691 948 1721 autem

176 1764 182 1766 ν
207 1738 422 1784 Ciceronis,
441 1739 482 1776 in
504 1736 661 1776 Lentuli
683 1739 802 1778 cauffa
833 1738 949 1779 susce·

198 1806 310 1850 ptus,
330 1794 433 1848 quod
445 1793 621 1844 singulari
636 1796 803 1848 quodam
820 1796 945 1836 studio

207 1851 320 1893 valde
340 1863 464 1891 tamen
484 1866 563 1891 non
584 1856 768 1906 proficiat,
795 1869 879 1893 cum
901 1867 946 1893 ex

203 1909 286 1963 ipsa
308 1909 504 1956 sententia,
530 1920 566 1948 et
587 1924 631 1948 ex
660 1912 731 1950 hoc
753 1922 835 1951 toto
864 1925 946 1950 ora-

204 1968 323 2007 tIonis
343 1967 502 2013 ambitu,
523 1976 604 2005 tum
624 1982 718 2007 vero
740 1982 785 2007 ex
802 1969 859 2007 his
871 1983 950 2007 ma-

206 2026 310 2063 xime
344 2025 475 2076 primis
505 2024 655 2072 verbis,
689 2025 790 2065 vnde
823 2028 947 2065 oritur

205 2080 402 2128 sententia,
422 2078 631 2145 colligitur:
665 2083 743 2138 Ego
763 2084 865 2122 omni
889 2083 944 2148 ,⁰f‘

205 2137 304 2184 ficio,
324 2152 369 2176 ac
379 2138 508 2189 potius
529 2139 685 2189 pietate.
724 2153 810 2178 nam
831 2149 868 2179 et
888 2141 943 2204 in,

203 2208 283 2246 ego,
307 2194 365 2233 vis
387 2195 459 2239 est3
499 2204 536 2233 et
567 2207 726 2244 augetur
756 2198 812 2244 in,
844 2198 943 2236 omni

203 2251 347 2302 officim·
376 2260 412 2288 et
440 2249 653 2291 cumulatur
686 2253 839 2292 demum
862 2267 943 2292 cor-

203 2308 376 2346 reffione
388 2310 574 2359 proxima,
589 2323 634 2348 ac
648 2312 774 2361 potius
784 2312 941 2363 pietate.

203 2363 373 2401 officium
401 2365 504 2402 enim
532 2367 672 2404 amm-is
710 2381 841 2421 expers
870 2365 941 2405 effe

203 2421 340 2474 potest,
370 2430 408 2459 et
435 2425 688 2463 communiter
724 2426 765 2462 in
807 2437 940 2462 omnes

200 2478 406 2515 conuenit:
455 2492 597 2518 nomen
629 2491 755 2519 autem
782 2481 943 2533 pietatis

202 2532 385 2584 quiddam
397 2536 508 2573 etiam
518 2537 684 2585 grauius,
696 2551 809 2590 quam
820 2550 942 2583 amor,

199 2591 402 2637 Qnificat:
429 2592 560 2644 itaque
581 2607 660 2632 non
685 2596 941 2633 communiter

199 2645 245 2684 in
264 2660 409 2693 omne3‚
431 2647 493 2686 sed
512 2652 668 2715 proprie
698 2652 879 2690 conuenit
899 2651 940 2689 in

200 2701 309 2750 deos,
328 2703 466 2757 quibus
492 2708 620 2744 omnia
641 2707 840 2747 debemus:
878 2705 941 2746 de-

199 2758 323 2800 inde
311 2773 352 2800 in
367 2762 545 2814 patriam,
563 2772 679 2818 atque
693 2767 735 2804 in
744 2772 943 2821 parentes;

1009 84 1526 139 COMMENTARIVS

1010 212 1177 252 quorum
1201 202 1334 241 caritas
1354 202 1530 255 proxime
1551 200 1692 240 accedit
1704 198 1754 240 ad

1011 256 1125 295 deos·
1162 254 1275 297 tertio
1298 257 1398 306 loco,
1420 272 1513 317 erga
1519 272 1650 297 omnes
1666 272 1755 311 pro-

1010 314 1198 366 pinquos:

1011 384 1047 409 n
1052 372 1192 409 eritos·
1183 399 1194 416 ,
1239 384 1336 423 quos
1358 371 1515 422 diligere
1535 384 1577 411 vt
1595 373 1755 425 propin-

1012 441 1124 480 quos,
1145 437 1182 467 et
1201 426 1327 468 colere
1339 439 1540 481 parentum
1551 428 1631 468 fere
1651 428 1753 478 loco,

1011 498 1176 536 aequum
1192 487 1253 524 est.
1310 489 1418 533 Qiae
1442 484 1582 534 fingula
1603 485 1753 533 eodem,

1011 555 1091 594 quo
1117 541 1410 595 proposuimus,
1447 541 1582 581 ordine
1617 543 1759 595 probe-

1010 612 1107 641 mus.
1152 614 1154 617 ·
1192 602 1245 637 Ac
1273 602 1392 652 pietas
1413 597 1565 651 quidem
1587 601 1628 637 in
1660 598 1753 639 deos

1010 654 1141 694 multis
1163 656 1401 705 cognoscitur
1425 654 1628 708 exemplis,
1656 670 1754 709 quo-

1009 726 1095 751 rum
1117 726 1234 765 pauca
1255 714 1436 763 recitabo.
1463 711 1529 752 lib.
1545 723 1580 752 1.
1603 712 1760 752 deNat.

1009 763 1125 809 Deor.
1144 784 1174 808 c.
1187 783 1226 811 2.
1254 772 1368 827 Quae
1382 770 1501 826 1³0*ss
1514 767 1579 823 effi’
1595 771 1752 822 pietas?

1008 840 1105 881 quae
1119 825 1329 892 Jam‘ifitas
1326 829 1342 856 9
1357 841 1463 884 quae
1472 827 1622 883 religio.
1619 829 1635 855 Ρ
1661 826 1754 868 haec

1008 884 1109 922 enim
1129 885 1256 922 omnia
1270 895 1379 936 pure,
1402 899 1447 923 ac
1467 863 1564 938 cqste
1581 894 1623 924 tr
1625 881 1754 924 ibuen-

1008 938 1062 980 da
1081 938 1238 979 deorum
1263 954 1367 979 num.
1362 941 1411 979 ni
1428 940 1538 989 funt.
1621 943 1666 980 Et
1690 941 1749 979 in·

1007 995 1080 1043 fra,
1100 996 1242 1035 ibidem
1265 1011 1294 1035 c.
1306 1009 1374 1050 41.
1398 996 1475 1049 Est,
1493 1007 1633 1049 pletas,
1648 998 1752 1053 iusti-

1009 1055 1068 1093 tia
1098 1052 1304 1105 adtterfitm
1330 1054 1428 1093 deos.
1477 1057 1521 1093 Et
1545 1052 1610 1092 lib.
1638 1066 1673 1107 3.
1702 1053 1751 1094 de

1008 1112 1091 1149 Fin.
1112 1125 1140 1149 c.
1154 1123 1222 1152 22.
1264 1111 1350 1151 Nec
1370 1124 1460 1150 vero
1475 1112 1599 1163 pietas
1613 1109 1753 1151 aduer-

999 1167 1072 1218 sus
1092 1166 1192 1214 deos,
1215 1182 1282 1207 nec
1294 1179 1439 1223 quanta
1460 1168 1516 1206 his
1529 1181 1582 1224 g›
1583 1169 1680 1208 utin
1685 1167 1751 1208 de-

1011 1223 1160 1271 beatur,
1180 1223 1274 1276 fine
1301 1225 1552 1276 explicatione
1582 1235 1750 1266 naturae

1008 1281 1136 1320 intell.
1128 1295 1177 1335 gt
1172 1281 1320 1336 potest.
1349 1283 1393 1320 Et
1413 1295 1485 1334 pro
1506 1279 1620 1320 domo
1638 1296 1666 1320 c.
1677 1294 1748 1336 41.

1010 1338 1096 1378 Nec
1114 1338 1165 1391 est
1184 1339 1266 1378 vlla
1283 1351 1372 1394 ergo
1390 1339 1479 1378 deos
1502 1340 1649 1390 pietas,
1675 1337 1753 1392 mfi

1006 1394 1154 1460 honesta
1176 1393 1222 1435 de
1242 1397 1395 1434 numine
1407 1409 1548 1442 eorum,
1561 1409 1606 1434 ac
1624 1406 1748 1436 mente

1006 1453 1143 1504 opinio.

1007 1509 1112 1548 Deos
1125 1510 1297 1562 placatos
1313 1503 1436 1561 pietas
1457 1526 1473 1548 c
1464 1508 1593 1562 fficzet
1608 1510 1746 1561 etstan·

1008 1565 1135 1606 Hitas.
1164 1568 1233 1606 Et
1223 1581 1264 1606 in
1277 1567 1440 1621 Topicis
1463 1570 1492 1618 c.
1503 1578 1572 1618 23.
1599 1567 1750 1621 Aequi-

1007 1633 1072 1663 tas
1089 1626 1294 1678 tripartita
1315 1623 1462 1666 dicitur
1479 1621 1567 1680 effe:
1594 1639 1670 1665 vna
1691 1624 1751 1665 ad

993 1683 1156 1734 superos
1176 1682 1273 1729 deos,
1295 1683 1425 1723 altera
1443 1682 1498 1723 ad
1515 1693 1745 1732 manes,ter-

1004 1740 1064 1778 tia
1087 1738 1144 1779 ad
1159 1739 1323 1780 homines
1346 1741 1551 1792 pertinere.
1616 1741 1746 1793 prima

998 1797 1138 1849 pietas,
1145 1795 1318 1847 secunda
1325 1796 1531 1847 sanHitas,
1549 1807 1603 1837 tet
1611 1798 1670 1838 tia
1689 1798 1748 1837 iu-

986 1853 1124 1910 ,stiticg
1168 1865 1238 1893 aut
1285 1855 1460 1909 aequitas
1505 1856 1743 1894 nominatur.

1004 1914 1111 1959 Qae
1125 1925 1218 1950 vero
1237 1910 1283 1950 ad
1304 1921 1491 1964 parentes,
1503 1913 1743 1964 propinquos

1005 1970 1133 2014 etiam,
1153 1966 1240 2007 licet
1263 1982 1341 2007 non
1359 1969 1457 2008 bene
1480 1970 1647 2016 meritos,
1660 1980 1744 2021 per·

1004 2027 1137 2072 tinent,
1162 2026 1254 2064 haec
1277 2024 1372 2064 sunt.
1391 2024 1456 2065 lib.
1468 2038 1507 2066 2.
1531 2024 1577 2064 de
1590 2028 1742 2064 Inuent.

1003 2096 1033 2120 c.
1053 2095 1121 2124 22.
1160 2083 1413 2138 Religionem,
1446 2097 1542 2129 eam,
1573 2097 1671 2138 quae
1699 2083 1743 2121 in

998 2151 1102 2178 metu
1121 2150 1160 2179 et
1178 2140 1407 2180 caerimonia
1418 2139 1536 2179 deort.
1527 2154 1574 2178 m
1585 2138 1654 2191 fit,
1675 2151 1743 2191 ap-

992 2196 1171 2249 pellant:
1197 2199 1400 2248 pietatem,
1432 2209 1527 2249 quae
1556 2209 1648 2250 erga
1672 2207 1742 2247 pa-

998 2254 1132 2299 triam,
1151 2264 1221 2292 aut
1240 2263 1432 2305 parentes,
1454 2262 1524 2291 aut
1543 2253 1743 2302 allos-san-

991 2311 1111 2365 gm'ne
1129 2307 1341 2349 conium‘hs
1359 2308 1520 2362 offi'cium
1543 2308 1742 2358 construa-

997 2380 1041 2405 re
1061 2377 1221 2406 moneat.
1261 2368 1333 2405 Pro
1362 2365 1492 2405 flacco
1515 2380 1543 2404 c.
1561 2373 1623 2418 38.
1665 2365 1768 2420 Nis
1830 2377 1833 2384 '

997 2423 1095 2462 miae
1109 2423 1284 2474 pietatis,
1311 2433 1349 2463 et
1363 2423 1509 2473 stcmmi
1538 2423 1680 2469 amoris
1696 2423 1741 2461 in

991 2480 1166 2532 patriam
1191 2478 1344 2528 vicissim
1363 2493 1428 2518 nos
1441 2489 1601 2531 poenas,
1613 2478 1665 2531 fi'
1678 2480 1739 2518 ita

990 2536 1133 2589 placet,
1149 2535 1194 2585 fi‘
1229 2550 1391 2575 eramus.
1450 2536 1645 2575 Somnium
1664 2536 1739 2574 Sci-

996 2593 1123 2646 pionis
1144 2606 1172 2630 c.
1188 2604 1223 2644 3.
1252 2593 1443 2645 Iustitiam
1458 2594 1547 2641 cole,
1565 2603 1601 2632 et
1611 2594 1737 2644 pieta·

995 2660 1097 2689 tem:
1138 2662 1245 2703 quae,
1274 2663 1359 2688 cum
1379 2647 1433 2701 stt
1453 2663 1592 2705 magua
1612 2650 1653 2687 in
1669 2661 1739 2701 pa-

993 2703 1177 2752 rentibus,
1192 2715 1231 2745 et
1258 2707 1490 2758 propinquis,
1509 2717 1591 2745 tum
1612 2707 1653 2745 in
1669 2717 1737 2756 pa-

993 2763 1080 2806 tria
1089 2762 1357 2821 ηιακέηιαςβ.
1366 2764 1411 2804 Et
1432 2764 1613 2803 inBruto
1625 2776 1653 2800 c.
1670 2772 1736 2813 33.

1055 2847 1059 2853 ·
1576 2820 1736 2862 Vtinam

1240 318 1402 368 postren
1396 329 1445 362 ο,
1483 329 1569 365 erga
1607 318 1771 380 optime*

1229 1450 1411 1517 Etlib.2.
1442 1451 1615 1491 deOffic.
1651 1467 1681 1492 c.
1710 1465 1748 1506 3
1794 1480 1800 1489 ,

1855 1975 1863 2371 -ᾼψ.-..-.-2.μ-.Αι-...ᾼ
1858 1878 1863 1956 Α»...
1856 1806 1863 1865 ...ρ-μ
1845 1548 1863 1787 ,-a-=hm-—u›-v-—*
1851 1481 1863 1498 z
