1863 3172
162 172 248 223 346

160 293 265 318 mum
290 278 466 327 consulis,
491 280 628 337 deinde
656 281 905 321 Macedoniae

161 334 398 391 proconsulis
425 339 599 388 quaestor
632 337 718 377 fuit.
752 353 818 378 cur
842 333 904 378 ¹ita

162 394 394 438 existimem,
425 405 632 434 occurrunt
666 396 780 435 haec:
830 399 905 450 pri-

159 464 290 495 mum,
317 447 426 497 fuiffe
460 449 591 500 illum,
619 466 732 505 quem
767 454 905 492 Cicero

160 505 352 552 defendit,
374 508 483 546 Lucii
503 507 647 555 filium,
668 524 747 549 non
768 510 904 557 Publii,

158 572 200 601 vt
218 562 359 601 indicat
377 562 574 621 inscriptio
595 564 662 605 lib.
679 579 716 611 ς.
742 569 843 619 epist.
868 571 907 609 6.

157 633 284 671 neque
305 621 346 658 in
371 634 417 659 eo
438 619 528 660 libri
560 634 707 662 veteres
737 638 758 662 a
776 638 903 662 recen-

159 677 324 716 tioribus
353 676 515 727 vulgatis
548 678 782 719 dissentiunt.
835 695 902 719 nec

159 734 309 780 dubito,
337 738 431 786 quin
451 737 570 783 Tiro,
589 739 655 788 qui
677 739 832 789 patroni
847 737 903 775 sui

161 791 362 829 Ciceronis
382 791 555 845 epistolas
575 795 616 830 in
636 792 832 831 volumina
846 808 903 837 re-

159 846 270 894 tulit,
302 849 454 901 vtrique
485 850 610 888 Sextio
632 851 669 887 in
691 850 903 889 litterarum

157 904 405 956 inscriptione
435 920 668 958 praenomen
701 910 843 959 patris,
863 918 904 946 vt

159 961 525 1009 internoscerentur,
554 963 766 1010 addiderit,
808 978 903 1016 quo-

157 1019 261 1056 niam
280 1021 432 1071 Vtrique
452 1033 684 1072 praenomen
705 1032 741 1059 et
761 1035 903 1060 nomen

157 1074 260 1113 idem
279 1075 377 1114 ess'et.
434 1074 560 1115 Altera
580 1077 699 1132 caufl}
711 1079 761 1115 est
775 1095 783 1116 :
797 1077 902 1130 quod

156 1130 222 1171 ille
268 1133 304 1170 P.
342 1134 486 1171 Sextius
520 1136 560 1171 L.
588 1136 626 1172 F.
656 1136 799 1173 Romae
828 1133 902 1173 fuit

157 1187 274 1240 vsque
293 1187 339 1226 ad
360 1191 510 1228 initium
533 1189 626 1230 belli
645 1190 781 1238 ciuilis,
799 1193 903 1230 etin-

156 1256 217 1284 ter
243 1260 333 1292 eOS,
363 1248 430 1298 qui
457 1260 542 1284 cum
574 1249 739 1300 imperio
762 1248 900 1295 essent,

153 1303 395 1341 nominatur:
426 1313 466 1341 vt
478 1314 581 1356 patet
599 1303 665 1343 lib.
680 1316 720 1357 7.
731 1305 776 1344 ad
791 1307 900 1344 Attit.

157 1360 260 1412 epist.
292 1371 350 1410 ¹7·
398 1370 434 1398 et
492 1359 556 1399 lib.
587 1367 622 1407 8.
654 1361 701 1400 ad
736 1361 900 1401 eundem

156 1417 255 1468 epist.
279 1426 342 1466 15.
372 1425 409 1455 et
446 1416 506 1455 hic
533 1416 657 1457 Publii
682 1417 780 1458 filius
812 1429 899 1458 ante

155 1470 267 1510 ciuile
290 1470 434 1511 bellum
454 1474 607 1513 videtur
626 1475 793 1515 abfuisse.
814 1491 899 1515 cum

155 1532 256 1568 enim
278 1531 330 1568 ait
350 1531 498 1578 Cicero,
520 1529 641 1570 nullas
670 1533 760 1571 idco
782 1533 816 1572 se
839 1532 898 1572 lit-

154 1598 254 1625 teras
285 1585 332 1624 ad
359 1587 623 1636 euni‘mifiss'e,
647 1592 736 1642 quia
768 1592 899 1643 priora

150 1651 324 1696 tem'pora
346 1645 532 1684 in.ruinis
562 1646 810 1699 reipublicae,
844 1649 897 1686 ia-

155 1711 327 1747 cuerint,
368 1702 453 1753 quis
493 1716 572 1740 non
608 1717 655 1742 eo
695 1706 897 1752 conficiat,

153 1759 318 1796 Sextium
339 1768 426 1797 ante
445 1761 573 1798 ruinas
591 1760 836 1813 reipublicae,
856 1760 897 1800 id

155 1816 333 1861 est,ante
368 1813 479 1854 ciuile
508 1815 674 1865 bellum,
716 1817 897 1858 abfuisse?

155 1873 299 1910 Tertio
349 1870 436 1911 loco
484 1872 580 1912 illud
606 1867 744 1927 pono.
823 1877 896 1915 Hic

154 1930 299 1967 Sextius
319 1931 355 1969 P.
374 1931 412 1969 F.
432 1931 510 1981 quo
532 1926 707 1984 tempore
724 1933 820 1971 hanc
837 1934 899 1972 Ci-

154 2000 241 2024 cero
279 1985 473 2038 epistolam
505 1987 667 2041 scripsit,
694 1987 899 2045 exsulabat,

154 2043 297 2082 iudicio
313 2043 532 2083 damnatus:
561 2045 667 2097 quod
687 2061 732 2086 ex
749 2048 794 2084 iis
814 2061 898 2086 ver-

151 2101 210 2139 bis
229 2099 423 2149 intelligo:
452 2101 667 2156 Pqsteriora
697 2115 823 2142 autem
842 2119 899 2145 me

155 2156 392 2207 ascribendo
403 2159 481 2197 tuis
509 2158 754 2212 inirfizffimis
783 2172 898 2216 atque

154 2213 393 2263 acerbiffimis
439 2216 681 2256 incommodis
714 2216 898 2257 *retarda-

91 2306 95 2310 .
153 2282 258 2309 runt.
308 2283 344 2310 et
364 2269 463 2310 infra
492 2270 607 2311 semel
635 2283 671 2312 et
686 2275 827 2313 iterum
853 2273 897 2313 il-

153 2324 226 2365 lius
247 2327 378 2366 iudicii
397 2330 438 2367 fit
461 2331 618 2383 mentio.
650 2331 739 2370 haec
767 2341 895 2370 autem

153 2382 331 2436 epistola,
360 2400 444 2424 cum
473 2380 538 2425 illa
566 2388 683 2427 verba
717 2390 895 2436 intueor,

147 2443 341 2494 proxime,
387 2446 531 2491 recenti
579 2443 747 2484 aduentu
793 2460 895 2495 meo,·

154 2496 288 2549 scripta
326 2499 420 2537 mihi
461 2500 615 2539 videtur
646 2500 777 2555 paullo
811 2504 894 2556 post

154 2552 449 2594 Alexandrinum
468 2556 625 2605 bellum,
646 2573 725 2611 quo
750 2569 894 2613 tempo-

153 2626 195 2650 re
225 2612 386 2661 Cicero,
422 2615 490 2664 qui
521 2615 707 2655 Brundisii
743 2616 808 2655 diu
843 2619 893 2655 ia-

152 2679 291 2716 cuerat,
312 2669 482 2708 concessu
504 2670 670 2711 Caesaris
690 2675 730 2712 in
760 2675 894 2713 vrbem

153 2724 277 2765 rediit.
336 2729 383 2764 At
401 2724 466 2764 ille
486 2729 631 2767 Sextius
655 2733 695 2769 L.
718 2733 756 2769 F.
780 2745 894 2784 quem

153 2784 288 2822 Cicero
311 2792 396 2820 ante
415 2782 527 2822 ciuile
557 2785 699 2825 bellum
732 2786 898 2826 luculen-

155 2852 204 2886 ta,
223 2853 319 2894 quae
350 2840 483 2890 exstat,
509 2844 683 2883 oratione
714 2843 895 2893 defendit,

375 169 598 210 PAVLLI
636 167 934 210 MANVTH
968 170 1481 213 COMMENTARIVS

963 296 1041 321 non
1061 281 1179 321 modo
1202 295 1280 320 non
1301 284 1422 322 statim
1446 282 1529 335 post
1548 279 1705 320 Alexan·

963 340 1117 377 drinum
1137 337 1293 385 bellum,
1318 338 1379 378 sed
1399 342 1513 378 etiam
1541 340 1621 391 post
1643 336 1707 377 de-

962 398 1084 435 vieios
1098 397 1137 433 in
1159 394 1339 448 Hispania
1359 398 1534 449 Pompeii
1564 394 1705 434 liberos

962 452 1044 501 lege
1066 454 1241 504 Pompeia
1264 452 1422 490 caussam
1448 453 1551 492 dixit.
1576 453 1706 498 testem
1769 456 1786 506 ζ

964 511 1087 548 habeo
1119 508 1183 548 lib.
1209 521 1271 548 12.
1295 508 1341 546 ad
1370 511 1480 559 Attic.
1503 510 1605 561 epist.
1634 520 1704 560 49.

962 569 1156 619 Appianus
1192 565 1347 617 quidem
1385 567 1550 604 Sextium
1588 579 1705 617 quen-

963 624 1046 661 dam
1068 622 1150 671 lege
1171 624 1350 675 Pompeia
1379 622 1426 660 de
1450 623 1593 661 ambitu
1616 631 1704 661 ante

960 679 1051 720 belli
1073 678 1194 718 ciuilis
1208 691 1378 731 tempora
1399 678 1629 724 damnatum,
1643 693 1706 717 au·

961 740 1043 777 &or
1064 739 1115 775 est
1136 735 1201 774 lib.
1224 748 1260 776 2.
1285 735 1330 775 de
1356 734 1439 775 bell.
1462 737 1558 774 ciu..
1590 734 1659 773 Sed
1671 737 1704 774 is

961 796 1121 832 omnino
1145 794 1216 832 effe
1239 808 1316 832 non
1341 794 1482 845 potuit,
1502 805 1624 843 neque
1644 791 1706 831 hie

962 854 998 889 P.
1019 852 1163 889 Sextius
1187 853 1222 888 P.
1242 853 1281 889 F.
1308 864 1420 902 quem
1443 849 1606 887 diximus
1622 849 1704 901 post

961 906 1259 946 Alexandrinum
1292 906 1434 946 bellum
1462 905 1534 951 effe
1552 905 1703 943 damna-

961 975 1063 1010 tum,
1093 977 1216 1015 neque
1244 961 1309 1002 ille
1338 966 1380 1003 L.
1404 966 1442 1003 F.
1473 964 1540 1016 qui
1574 963 1703 1016 paucis

960 1035 1047 1059 ante
1065 1021 1231 1058 Caesaris
1259 1035 1386 1059 necem
1410 1020 1596 1059 mensibus
1620 1018 1703 1068 lege

959 1080 1137 1130 Pompeia
1156 1079 1207 1116 est
1235 1077 1435 1119 accusatus.
1492 1082 1567 1115 Aut
1584 1078 1703 1126 igitur

960 1137 1010 1173 est
1038 1134 1134 1173 alius
1165 1137 1202 1172 P.
1233 1136 1400 1181 Sextius,
1437 1144 1588 1186 praeter
1631 1133 1700 1171 hos

959 1192 1075 1230 duos:
1105 1193 1382 1244 autAppianus
1406 1205 1537 1230 errore
1559 1199 1703 1242 tempo·

957 1263 1057 1296 rum,
1083 1262 1160 1301 quo
1183 1259 1310 1300 peccat
1340 1247 1469 1301 saepe,
1490 1244 1612 1300 lapsus
1639 1247 1703 1294 est,

959 1308 1100 1358 quippe
1120 1308 1186 1358 qui
1207 1307 1247 1343 in
1267 1320 1313 1344 eo
1335 1305 1417 1358 ipso
1435 1303 1522 1342 loco
1550 1303 1701 1342 damna-

957 1373 1017 1401 tos
1038 1362 1186 1409 eodem,
1211 1377 1289 1414 quo
1318 1364 1499 1408 Sextium,
1528 1370 1702 1412 tempore

957 1419 1126 1458 absentes
1147 1417 1335 1458 Milonem
1363 1430 1399 1457 et
1421 1419 1627 1457 Gabinium
1647 1416 1702 1455 di-

958 1479 1065 1516 xerit.
1093 1479 1134 1514 in
1154 1490 1232 1529 quo
1257 1474 1458 1529 dupliciter
1475 1475 1700 1528 peecat,pri·

955 1548 1074 1580 mum,
1104 1536 1193 1585 quia
1219 1547 1343 1585 neque
1364 1531 1462 1571 Milo
1484 1545 1608 1583 neque
1628 1534 1700 1570 Ga-

954 1591 1082 1630 binius
1108 1589 1301 1636 absentes,
1324 1603 1459 1628 verum
1487 1587 1700 1641 praesentes

955 1647 1123 1686 damnati
1142 1647 1226 1686 sunt
1235 1663 1246 1692 ς
1273 1646 1431 1692 deinde,
1461 1644 1567 1698 quod
1586 1645 1700 1684 Gabi·

935 1707 1039 1743 mins
1061 1718 1140 1743 non
1167 1705 1349 1757 Pompeio
1364 1703 1519 1742 tertium
1535 1700 1700 1752 consule,

953 1772 996 1802 vt
1015 1760 1081 1800 ille
1100 1763 1166 1809 ait,
1186 1760 1247 1800 sed
1268 1775 1370 1800 anno
1390 1759 1596 1813 superiore,
1614 1757 1698 1797 Cal-

954 1821 1049 1857 vino
1075 1829 1111 1857 et
1130 1817 1296 1858 Messalla
1317 1816 1401 1857 coss.
1421 1817 1616 1859 damnatus
1636 1817 1698 1856 est.

955 1875 1060 1929 quod
1090 1875 1328 1926 cognoscitur
1347 1889 1390 1913 ex
1424 1876 1559 1913 D10nis
1587 1874 1699 1913 histo·

955 1935 1014 1972 ria
1041 1931 1106 1972 lib.
1131 1946 1192 1985 39.
1214 1933 1260 1972 de
1280 1931 1428 1972 Milone
1446 1943 1571 1970 autem
1591 1943 1697 1984 prae-

956 1989 1072 2037 sente,
1093 2004 1138 2028 ex
1168 1992 1345 2030 oratione
1368 2003 1440 2042 pro
1469 1987 1537 2027 illo
1568 1988 1697 2026 habita

957 2058 994 2085 et
1015 2047 1180 2086 Pediano
1210 2049 1429 2100 interprete.
1487 2043 1698 2084 Concluda-

954 2119 1038 2143 mus
1050 2106 1180 2153 igitur,
1207 2116 1272 2144 aut
1290 2104 1384 2142 duos
1404 2101 1475 2142 effe
1489 2105 1524 2141 P.
1538 2102 1698 2150 Sextios,

955 2163 1077 2201 autin
1107 2162 1219 2200 huius
1241 2159 1417 2215 epistolae
1444 2159 1559 2200 titulo
1592 2173 1698 2197 men-

956 2219 1046 2258 dum
1060 2217 1144 2266 effe,
1167 2229 1203 2258 et
1223 2223 1260 2258 P.
1280 2221 1464 2264 SISTIO,
1485 2214 1697 2255 fortafl'ele-

954 2276 1137 2325 gendum,
1170 2287 1210 2315 vt
1230 2277 1280 2314 est
1305 2277 1345 2313 in
1376 2277 1533 2326 antiquo
1563 2271 1696 2316 Maffei

955 2333 1076 2372 libro:
1107 2343 1172 2372 aut
1193 2335 1229 2372 P.
1247 2334 1439 2378 SITTIO,
1461 2345 1545 2369 cum
1565 2332 1604 2368 in
1617 2328 1695 2368 alio

952 2393 1044 2430 item
1069 2392 1227 2442 antiquo
1255 2388 1378 2436 libro,
1410 2390 1453 2427 P.
1477 2389 1583 2433 Sitti,
1599 2386 1695 2436 lega-

946 2459 1034 2494 tur,
1055 2449 1120 2486 vbi
1141 2448 1192 2485 est
1211 2449 1251 2485 in
1272 2445 1476 2499 inipressi8‚
1507 2446 1547 2483 Ρ.
1563 2445 1696 2491 Sextii,

953 2504 1057 2558 quod
1086 2503 1151 2542 alii
1182 2517 1336 2556 quoque
1366 2502 1572 2540 viderunt:
1617 2499 1695 2548 sed,

952 2564 1040 2615 quia
1065 2562 1165 2599 hunc
1186 2560 1259 2599 effe
1278 2563 1311 2600 P.
1329 2561 1508 2604 Sextium,
1521 2571 1590 2609 pro
1614 2571 1694 2609 quo

952 2621 1065 2658 exstat
1085 2619 1223 2664 oratio,
1246 2617 1311 2656 fibi
1331 2619 1407 2655 iam
1426 2613 1696 2669 persuaserant,

952 2678 1039 2715 ideo
1059 2674 1282 2714 mendosum
1296 2673 1367 2713 esse
1378 2684 1542 2715 veterem
1553 2670 1695 2710 librum

952 2735 1222 2773 existimarunt.

1010 2793 1053 2829 ln
1072 2791 1194 2828 ruinis
1215 2783 1444 2837 reipublicae
1463 2781 1692 2837 nostrisque]

955 2849 1052 2887 Cum
1075 2856 1111 2887 et
1140 2841 1344 2900 respublica
1368 2839 1471 2880 ciuili
1498 2839 1623 2936 ὺεὶὶῖ,
1658 2850 1696 2936 εἴ

1601 2911 1679 2936 unu

1796 2207 1833 2693 ¹⁴·*7-uh·÷ffl÷·‘··e*÷mz
1799 2152 1802 2160 ”
1796 2087 1804 2101 “

1808 2823 1813 2829 -
1799 2753 1817 2816 ⁴25³..
1806 2721 1819 2745 ῃ

1799 2839 1813 2942 ι’*ἒιι
