1863 3172
527 21 534 39 N

295 80 363 132 IN
387 91 504 131 CIC.
536 92 723 133 EPIST.
752 93 886 133 ΒΑΜ.
917 94 1026 134 LIB.
1048 95 1116 134 111.
1157 95 1350 138 EPIST.
1379 100 1463 144 XII.

113 201 374 249 aedificatione
417 205 600 258 impedita
649 217 786 260 purgat
817 206 852 246 se

113 262 215 314 epist.
239 259 283 313 7.'

170 330 294 389 Qcod
321 327 440 382 gebus
478 331 675 389 querelae]
758 335 851 373 Non

113 390 215 426 enim
248 399 297 436 te,
327 390 428 442 quod
460 392 657 444 improbus
690 390 767 443 ipse
801 390 852 429 es-

111 443 180 492 ses,
203 445 262 484 sed
283 446 387 499 quod
409 449 595 501 improbis
624 447 852 496 credidiss'es,

109 503 291 543 acculhui.

164 574 367 630 Disertae]
413 578 556 615 Ornate
581 574 792 628 loquentes.

166 646 432 702 Aristarchus]
472 649 743 687 Grammaticus
766 645 849 686 Ale-

109 703 316 743 xandrinus
342 705 596 758 Aristophanis
629 702 847 758 dil⁴cipuluS‚

110 773 152 801 vt
174 764 212 800 in
231 761 371 801 Carifio
406 773 442 800 et
468 761 582 800 suida
616 760 785 811 legimus.
815 764 847 800 is

109 821 270 858 Homeri
291 817 418 857 Qersus
442 818 634 866 iudicauit,
665 831 706 859 vt
734 833 849 858 veros

110 877 158 915 ab
200 875 423 915 adulterinis
470 875 693 916 secerneret.
723 876 790 916 lib.
810 888 849 930 9.

107 935 210 988 epist.
245 945 307 974 10.

163 1003 337 1059 Proauo]
369 1007 435 1059 Ap.
459 1002 623 1043 Claudio
635 1006 771 1052 Caeco,
784 1006 851 1058 qui

105 1060 239 1108 censor
256 1076 394 1115 aquam
426 1061 623 1100 Claudiam
654 1063 694 1100 in
715 1064 850 1102 vrbem

107 1120 305 1174 perduxit,
336 1133 436 1158 anno
464 1121 568 1158 vrbis
597 1121 759 1160 CDXLI.
787 1118 849 1158 sed

105 1179 137 1216 is
161 1179 370 1229 antiquior,
383 1190 496 1229 quam
517 1190 695 1230 proauus.
713 1191 847 1230 parum

106 1236 209 1273 enim
246 1233 432 1272 subtiliter
460 1235 597 1272 Cicero
628 1246 846 1287 temporum

104 1293 295 1330 rationem
318 1293 517 1329 examinat.
592 1291 708 1338 Qid,
740 1291 845 1343 quod

103 1348 207 1387 idem
234 1350 274 1387 in
304 1349 415 1387 huius
444 1351 513 1400 Ap.
547 1349 657 1386 Caeci
687 1350 849 1386 mentio·

104 1420 153 1445 ne
171 1420 250 1445 non
275 1404 396 1444 solum
416 1406 463 1444 ab
475 1405 630 1442 historia
651 1403 848 1458 discrepat,

107 1477 191 1501 cum
213 1462 376 1515 appellet
394 1463 453 1501 hic
474 1476 676 1514 proauum,
690 1464 851 1515 quilon-

103 1521 211 1570 giore
232 1520 340 1558 distat
360 1517 578 1566 interuallo,
608 1517 670 1557 sed
701 1518 778 1572 ipse
798 1530 849 1559 et-

104 1579 181 1616 iam
207 1577 274 1617 fibi
305 1591 386 1615 non
416 1578 577 1615 constat:
615 1590 703 1614 nam
735 1590 850 1629 quem

1571 115 1655 157 243

910 209 950 246 in
971 209 1038 247 hac
1056 207 1211 262 epistola
1236 224 1439 263 proauum,
1474 215 1514 253 in
1551 227 1648 256 orat.

910 265 957 303 de
975 265 1214 319 haruspicum
1242 268 1423 322 responlis
1451 278 1558 321 c.18.
1583 275 1647 312 ab·

909 336 1024 360 auum
1046 323 1174 362 Clodii
1209 339 1332 366 vocnt.
1417 329 1480 368 Ne
1509 329 1589 387 idq
1619 330 1649 371 i·

907 377 994 417 dem
1005 380 1142 432 fintis,
1164 383 1312 435 inquit,
1337 388 1576 428 conniuemes
1600 405 1648 428 ιι-

908 436 964 474 Ιω·
982 437 1105 476 oculos
1120 435 1237 477 abnui
1253 443 1315 478 tui
1328 445 1449 498 magis
1465 445 1618 495 optandt
1630 459 1650 488 ε

900 488 1026 545 fug'ffi,
1038 505 1153 547 quam
1169 495 1616 551 h.1;sfl1gr›·amess0r0ri1
1627 504 1650 542 ?

908 550 996 588 Fuit
1014 558 1142 588 autem
1177 554 1246 604 Ap.
1272 554 1417 594 Caecus
1450 559 1486 595 P.
1520 557 1649 599 Clodii

855 627 856 631 =
906 619 986 644 non
1006 620 1187 660 proauus
1208 620 1273 649 aut
1294 611 1451 659 abanim,
1477 613 1537 653 scd
1566 620 1647 655 trit-

905 677 1020 702 auus:
1062 664 1168 717 quod
1196 681 1240 706 ex
1268 667 1368 706 fastis
1396 673 1558 710 maxime
1581 676 1649 712 Ca·

903 720 1076 774 pitolinis
1100 720 1186 760 licet
1212 722 1402 774 colligere.
1428 727 1555 767 similis
1583 737 1649 769 50.-

905 785 1046 826 ςοςηο-ίαι
1069 780 1266 825 Ciceronis
1296 785 1337 821 in
1366 794 1462 824 orat.
1486 799 1559 839 pro
1581 788 1647 826 do-

907 849 972 874 mo
993 847 1102 889 c.4’.
1124 838 1374 887 cognoscitur.
1414 844 1450 881 C.
1474 845 1649 893 Atinius,

907 894 1049 944 inquit,
1077 891 1175 932 hona
1202 897 1261 952 2
1278 897 1455 946 Metelli,
1484 905 1550 940 am·
1576 906 1649 951 tui,

908 950 967 1005 -Q,
980 950 1150 998 Metelle,
1170 952 1422 1007 cohfiecrauit.
1449 957 1649 1000 Metellum

907 1005 1198 1047 Macedonicum
1246 1010 1372 1060 (hunc
1405 1015 1507 1052 enim
1545 1017 1653 1066 figni-

907 1065 1025 1110 ficari‚
1046 1077 1090 1102 ex
1101 1063 1223 1104 Plinio
1242 1065 1308 1107 lib.
1318 1079 1358 1121 7.
1377 1082 1408 1108 c.
1421 1083 1488 1123 44.
1521 1084 1559 1111 et
1575 1077 1653 1128 epi-

907 1129 1012 1159 tome
1037 1123 1195 1162 Liuiana
1215 1121 1281 1163 lib.
1295 1137 1360 1178 59.
1381 1132 1650 1180 cognonimus)

905 1191 1021 1216 auum
1039 1178 1204 1231 appellat
1233 1184 1285 1230 Q
1302 1182 1447 1222 Metelli
1469 1187 1649 1240 Nepotis,

898 1236 1070 1288 quitum
1094 1236 1222 1276 consul
1245 1249 1344 1277 erat:
1376 1255 1461 1279 cum
1479 1257 1648 1296 proauus

905 1295 998 1339 elus,
1018 1306 1095 1330 non
1115 1307 1222 1342 auus,
1241 1294 1370 1335 fuerit.
1409 1312 1497 1338 nam
1526 1304 1649 1342 Mace-

906 1348 1036 1387 donici
1060 1348 1160 1388 filius
1182 1351 1394 1391 Balearicus
1416 1360 1548 1412 genuit
1571 1362 1648 1400 Ne-

906 1415 1047 1457 potem,
1067 1418 1211 1458 patrezn
1225 1409 1337 1449 huius
1348 1412 1523 1464 Nepoti5‚
1536 1429 1648 1468 quem

904 1464 1040 1501 Cicero
1059 1463 1244 1516 appellat:
1276 1466 1380 1519 quod
1404 1468 1586 1510 Pedianus
1605 1476 1647 1513 in

906 1524 1181 1560 commentario
1200 1521 1466 1573 Cornelianae,
1496 1539 1534 1568 et
1564 1529 1646 1571 fasti

905 1578 1020 1616 etiam
1040 1578 1250 1631 Capitolini
1282 1579 1482 1624 declarant.

552 1671 1050 1730 EPI‘STOLAE
1105 1683 1243 1732 xus

516 1781 1254 1830 ARGVMENTVM.

219 1879 460 1922 Grattdatur
485 1881 604 1931 Appio
623 1879 668 1919 de
688 1880 920 1932 absolutione
938 1880 1104 1920 ambitus
1115 1896 1128 1918 .·
1167 1881 1327 1932 excusat
1334 1881 1447 1934 filiae
1473 1889 1643 1940 nuptias,

107 1953 220 1996 quam
239 1940 437 1990 accufiztor
454 1940 566 1990 Appii
588 1936 791 1977 Dolabella
816 1943 974 1978 vxorem
997 1937 1192 1978 duxerat:
1215 1939 1336 2035 filque
1362 1943 1423 1981 ait
1450 1957 1496 1982 ea
1519 1949 1607 2000 cazq
1621 1961 1644 1985 a

103 1996 390 2050 dilIgentiorem
410 1994 464 2033 acl
480 1994 780 2034 beneuolentiam
804 1993 1085 2035 declarandam
1104 1992 1169 2048 effe
1180 1994 1264 2048 [αἱ

1274 2010 1347 2036 um.

581 2107 1172 2148 EXPLANATIO.

117 2200 322 2280 Virtutis,
350 2196 582 2254 industriae]
621 2196 753 2237 Multis
785 2212 842 2237 re-

192 2258 260 2294 bus
288 2266 400 2294 ornat
427 2258 546 2294 virtus
580 2266 615 2293 et
643 2255 842 2294 industria:

108 2309 170 2350 sed
201 2312 328 2351 multis
365 2314 507 2351 virtute
536 2312 715 2365 praeditis
748 2326 842 2351 non-

106 2382 314 2422 numquam
359 2368 477 2408 ‹sefuit
521 2368 725 2413 industria3
769 2383 844 2421 qua

72 2462 75 2465 .
108 2425 295 2465 excellunt
314 2428 355 2474 ii,
374 2427 441 2478 qui
460 2436 497 2465 et
517 2438 692 2479 prompte
705 2440 762 2464 res
783 2441 843 2476 ag-

106 2484 344 2533 grediuntur,
358 2494 394 2522 et
414 2481 612 2532 diligenter
631 2484 844 2536 perficiunt.

167 2541 229 2580 Ne
248 2543 290 2579 in
315 2540 482 2579 tabellae
499 2541 648 2595 quidem
666 2539 842 2594 latebra]

97 2599 152 2636 'In
174 2595 335 2644 tabellis,
358 2597 495 2649 quibus
515 2595 656 2634 iudices
673 2595 842 2636 absolue-

105 2655 209 2704 bant,
239 2663 304 2692 aut
337 2653 638 2692 condemnabant
668 2667 767 2701 reos,
792 2652 842 2692 la-

104 2721 187 2751 tere
236 2720 386 2764 poterat
428 2707 709 2748 maleuolentia.
758 2712 842 2762 quis

108 2770 211 2809 enim
229 2767 350 2817 sciret,
371 2780 392 2806 a
411 2780 488 2822 quo
506 2765 703 2818 damnatus
725 2766 841 2812 ess'et?

900 2212 997 2251 quae
1021 2208 1145 2236 tamen
1169 2197 1209 2234 in
1229 2194 1377 2235 tabellis
1406 2199 1552 2241 occulte
1569 2203 1639 2243 im·

898 2269 1066 2309 pugnare
1088 2255 1252 2306 Appium
1274 2253 1542 2298 maleuolentia
1572 2273 1640 2313 po-

900 2316 985 2359 tuit,
1005 2310 1108 2350 nulla
1135 2311 1228 2348 fuit:
1277 2314 1460 2362 quoniam
1493 2315 1637 2356 senten·
1691 2309 1694 2312 Δ

900 2369 1160 2408 tiis-omnibus
1183 2365 1376 2406 absolutus
1405 2371 1466 2410 est.

959 2426 1051 2464 Non
1074 2425 1204 2463 harum
1222 2434 1452 2476 temporum,
1481 2443 1555 2468 non
1576 2428 1637 2468 ho·

898 2496 985 2521 runt
1001 2481 1192 2520 hominum
1211 2491 1324 2535 atque
1331 2483 1506 2540 morum]
1519 2487 1637 2524 Tem-

898 2553 993 2592 pora
1026 2536 1110 2576 sunt
1137 2538 1292 2576 inimica
1321 2541 1479 2589 virtuti,
1514 2541 1636 2581 homi-

899 2610 990 2634 num
1008 2593 1185 2634 voluntas
1205 2593 1252 2632 ad
1271 2595 1454 2643 flagitium
1470 2611 1635 2651 propen-

897 2651 957 2699 sa,
982 2665 1108 2690 mores
1154 2649 1423 2691 consuetudine
1451 2656 1633 2707 corrupti.

899 2711 984 2763 quis
1006 2709 1122 2757 igitur
1148 2709 1289 2746 exitum
1324 2708 1458 2748 iudicii
1478 2712 1534 2749 tui
1559 2722 1636 2751 tam

897 2764 1106 2817 gloriosum
1135 2762 1306 2807 exstitiffe
1327 2779 1407 2804 non
1427 2768 1613 2806 miretur?

950 2824 1040 2871 (λα
1568 2824 1635 2866 De
