1863 3172
277 120 346 162 IN
374 119 489 161 CIC.
517 120 707 162 EPIST.
736 121 874 161 ΒΑΜ.
903 119 1019 158 LIB.
1040 119 1110 158 111.
1142 117 1337 160 EPIST.
1361 117 1443 158 vll.
1522 127 1604 160 221·

78 233 339 288 deniffumque
379 222 488 288 cepit.
522 248 624 282 mox,
665 235 813 274 aestiuis

76 295 152 332 iam
173 290 368 338 confeffis,
387 290 613 330 Laodiceam
631 294 670 330 in
694 293 813 330 Aliam

77 348 212 390 rediit:
251 347 351 387 vnde
385 346 512 387 rursus
539 347 585 387 ad
615 345 812 387 absoluen-

76 405 162 446 dam
185 403 491 444 iurisdietionem
509 403 678 444 Tarsum
697 405 738 442 in
750 404 810 442 Ci-

73 461 199 502 liciam
215 462 299 500 iuit.

125 517 393 573 Aequitatem]
422 517 563 556 Itonia.

133 573 319 627 Tributa]
370 578 479 622 Quae
497 575 668 612 ciuitates
689 574 809 624 impo-

74 632 229 678 nebant,
250 642 291 671 vt
311 630 465 670 collefla
491 630 649 682 pecunia
682 628 809 684 aedifi·

71 699 187 728 earet.
775 722 777 725 Α

130 745 221 786 Non
236 745 427 798 poteram]
456 743 550 780 Rem
572 733 807 794 caussamque

76 800 311 852 cognoscere.
384 808 387 809 ’
662 804 665 806 “

128 856 193 898 Ad
208 856 282 910 me]
317 857 362 894 In
391 850 582 892 Ciliciam:
620 863 662 892 vt
681 853 737 892 ibi
761 851 807 890 de

73 925 158 956 toto
175 914 331 963 negotio
358 908 634 959 cognoscerem.

131 968 305 1022 Liberto]
339 967 485 1006 Accenfi
504 980 641 1005 munus
662 963 808 1004 libertis

73 1025 215 1067 deferri
245 1025 419 1071 solitum,
446 1022 586 1062 indicat
613 1022 678 1062 lib.
703 1035 742 1075 4.
761 1020 809 1058 ad

74 1085 182 1124 Attic.
200 1083 363 1136 epist.16.
374 1082 413 1119 in
428 1094 501 1133 qua
516 1080 724 1119 Antiochus
738 1081 809 1116 Ga-

72 1142 201 1180 binius
223 1137 390 1192 quidam,
409 1140 450 1178 A.
475 1138 630 1176 Gabinii
651 1135 808 1174 libertus

73 1207 111 1237 et
131 1195 302 1236 aecensus
326 1195 560 1234 nominatur.
579 1205 615 1234 et
636 1191 702 1232 lib.
718 1191 809 1233 1.ad

73 1256 129 1303 Q
141 1254 201 1293 Fr.
229 1253 332 1306 epist.
350 1263 382 1294 ῐ.

90 1325 100 1333 “
130 1322 298 1374 Accensb
343 1322 451 1376 meo]
538 1321 809 1375 Apparitorum

73 1377 192 1420 multa
220 1393 378 1429 genera,
415 1379 517 1418 inter
545 1391 643 1430 quos
673 1378 809 1415 artenii

72 1450 229 1490 quoque
252 1447 372 1484 erant,
406 1435 512 1482 dieti,
535 1434 639 1488 quod
664 1433 809 1486 saepius

74 1493 123 1534 ad
144 1491 360 1533 necessarias
379 1506 438 1532 res
458 1493 685 1539 accirentur,
704 1491 746 1529 'vt
760 1492 812 1528 ait

73 1555 213 1592 Varro.

131 1615 290 1667 Audiui,
310 1632 394 1659 cum
421 1617 584 1668 diceret]
619 1619 676 1657 Sic
697 1616 763 1656 lib.
776 1631 815 1659 2.

74 1678 123 1718 de
147 1679 255 1717 Orat.
279 1691 308 1715 c.
320 1679 357 1718 6.
395 1677 511 1728 Saepe
536 1689 585 1716 ex
601 1675 705 1726 ch1'o
733 1688 813 1713 meo

73 1733 220 1781 audiui,
254 1746 339 1773 cnm
381 1734 414 1772 is
449 1732 609 1778 diceret,
635 1732 812 1782 fhcerum

63 1792 179 1844 suum
216 1790 392 1829 Laelium
418 1789 569 1840 stmper
596 1788 685 1840 fere
722 1800 813 1835 cum

73 1849 243 1901 Scipione
251 1846 407 1897 solitum
430 1844 620 1899 rusticari.

135 1917 301 1973 Vigilia]
331 1919 422 1956 Nox
443 1917 483 1954 in
504 1926 578 1955 tres
599 1912 761 1964 vigilias,
774 1923 811 1952 et

75 1976 116 2014 in
137 1985 338 2027 quaternas
359 1974 470 2012 horas
495 1970 646 2021 vigiliae
668 1969 812 2010 diuide-

61 2032 227 2072 bantur.
794 2046 797 2048 >

132 2098 320 2152 fabrum]
360 2099 438 2147 Qui
462 2101 666 2138 exercitum
687 2097 814 2151 seque-

77 2159 230 2204 bantur,
251 2166 292 2195 vt
311 2157 628 2204 administrarent,
644 2169 744 2208 quae
767 2153 818 2201 ad

77 2213 222 2256 bellum
241 2213 440 2252 necessaria
472 2212 705 2252 viderentur.
743 2212 815 2251 Fa-

79 2271 192 2312 brum
209 2280 348 2317 autem,
375 2283 456 2308 non
478 2268 697 2321 fabrorum,
727 2282 814 2321 pro·

78 2326 179 2369 basse
200 2328 334 2366 Cicero
352 2325 516 2365 videtur.
546 2325 592 2364 de
611 2339 689 2378 quo
711 2327 814 2364 sicin

82 2387 247 2424 Oratore
276 2397 304 2421 c.
315 2386 384 2436 46.
428 2383 525 2429 Iam,
554 2395 600 2422 vt
625 2383 814 2433 cetfiriae

79 2442 236 2482 tabulae
246 2441 465 2494 loquuntur,
477 2437 654 2491 fabrum,
671 2450 711 2478 et
730 2450 814 2488 pro-

79 2512 178 2543 cum,
195 2498 312 2536 audeo
337 2495 476 2544 dicere,
505 2509 578 2535 non
598 2494 816 2548 fabrorum,

82 2566 121 2595 et
134 2566 347 2608 procorum.
754 2576 757 2577 ν

140 2612 216 2663 Ap.
236 2605 411 2660 Claudib]
470 2609 650 2648 Patriciae
682 2610 815 2657 gentis,

82 2666 284 2712 consulari,
304 2663 499 2714 augurali,
527 2667 688 2719 opibus,
716 2667 816 2715 inge-

66 2727 68 2729 ’
83 2725 165 2772 nio,
187 2723 426 2776 propinqu'oe,
437 2722 613 2762 affinibus
631 2724 819 2762 florentis-

84 2781 177 2820 fimo
190 2797 198 2820 ς
227 2791 274 2837 vt·
286 2780 458 2821 omittam
467 2780 727 2835 ⁸antiquorum
750 2793 817 2819 no-

868 230 1068 277 bilitatem,
1089 228 1143 293 εἰςχ
1165 242 1239 282 qua
1258 227 1422 268 diximus
1451 230 1553 281 epist.
1570 239 1604 271 1.

924 285 1169 341 Imperatori]
1200 284 1414 340 Appellato,
1436 298 1471 325 et
1495 299 1514 324 a
1535 286 1605 323 mi·

868 342 998 382 litibus
1020 355 1055 382 et
1075 344 1121 382 ab
1143 343 1292 381 senatu:
1336 345 1401 395 qui
1423 335 1534 381 etiarn
1567 342 1604 380 ei

867 401 918 439 ob
942 401 1140 438 viftoriam
1164 399 1453 453 supplicationes
1477 399 1602 441 decre-

865 467 984 495 verat.
1003 457 1104 509 epist.
1121 454 1185 494 vlt.

921 524 1188 578 Ambitiqffiaes]
1248 527 1472 566 Studiosius:
1517 539 1605 566 cum

866 581 1013 622 nullum
1035 583 1150 621 officii
1184 595 1300 631 genus
1329 583 1468 622 soleam
1499 596 1606 637 prae·

864 650 1082 687 termittere.

859 737 863 741 ,
919 696 1032 753 Qud
1050 694 1108 747 m']
1146 688 1356 740 Ciceronis'‚
1386 708 1463 732 non
1491 695 1605 747 Appii

864 755 1004 793 verba:
1033 752 1120 791 idco
1139 752 1347 805 parenthesi
1367 749 1605 788 includenda.

865 814 944 850 Cur
969 824 1047 849 non
1067 811 1271 855 crederem,
1299 809 1439 861 inquit,
1460 806 1498 844 id
1526 820 1545 845 a
1568 817 1605 845 te

866 867 1032 906 dietum?
1067 880 1150 905 cum
1182 876 1218 904 te
1248 874 1333 903 tuae
1365 865 1485 913 gentis
1510 864 1608 902 anti-

866 938 941 978 qua
962 922 1140 963 nobilitas
1168 921 1371 974 superbum
1399 920 1522 959 faciat.

923 997 1071 1048 Appius
1095 993 1275 1042 Lentulo]
1314 993 1460 1045 Appius
1487 989 1605 1030 succe-

865 1052 954 1092 dens
977 1050 1139 1091 Lentulo
1171 1049 1379 1090 decedenti.
1467 1096 1470 1100 ι

884 1106 1158 1159 'ffPrude-ntia]
1216 1104 1440 1145 Naturalem
1469 1104 1606 1154 fignifi-

867 1178 935 1205 cat.
971 1179 1058 1205 nam
1089 1163 1286 1217 separatim
1313 1161 1449 1201 deinde
1477 1173 1606 1201 rerum

868 1222 973 1263 vsum
997 1224 1182 1261 nominat.

928 1281 967 1318 V
962 1276 1214 1330 rbans'tatem]
1255 1277 1296 1317 V
1291 1274 1467 1316 rbanitas
1489 1285 1526 1314 et
1547 1272 1608 1313 di-

866 1339 1008 1377 cacitas
1027 1349 1105 1374 non
1126 1334 1226 1372 idem
1254 1332 1348 1372 sunt.
1386 1334 1517 1384 itaque·
1534 1333 1609 1369 De-

865 1393 1120 1438 mosthenem,
1147 1393 1200 1429 ait
1227 1388 1508 1437 Q1in61ilianus
1538 1385 1607 1426 lib.

868 1454 906 1493 6.
926 1464 954 1488 c,
971 1463 1004 1499 ς.
1035 1449 1223 1487 vrbanum
1251 1446 1374 1492 fuisse,
1401 1448 1479 1484 non
1509 1443 1610 1482 dica-

868 1521 960 1548 cem,
976 1503 1235 1544 vrbunitatem
1252 1514 1380 1541 autem
1399 1500 1471 1540 ess'e
1485 1498 1605 1547 illam,

869 1566 909 1602 in
930 1576 1004 1615 qua
1024 1559 1118 1600 nihil
1129 1559 1326 1605 absonum,
1345 1557 1440 1596 nihil
1451 1557 1609 1606 agreste,

871 1618 966 1658 nihil
977 1618 1227 1663 inconditum,
1241 1613 1336 1654 nihil
1349 1615 1608 1667 peregrinum,

872 1690 995 1729 neque
1016 1674 1133 1722 sensu,
1155 1687 1278 1725 neque
1307 1672 1449 1717 verbis,
1479 1682 1607 1722 neque

868 1748 947 1780 ore,
966 1733 1116 1782 gestuue
1144 1730 1253 1784 possit
1284 1725 1536 1782 deprehendi:
1565 1734 1609 1764 vt

868 1805 947 1830 non
966 1802 1039 1828 tam
1059 1789 1100 1827 fit
1117 1789 1157 1826 in
1178 1784 1328 1836 fingulis
1348 1784 1471 1830 dietis,
1490 1795 1608 1836 quam

869 1851 910 1886 in
930 1857 1012 1885 toto
1032 1843 1161 1885 colore
1173 1841 1344 1882 dicendi:
1373 1839 1494 1894 qualis
1504 1836 1608 1892 apud

871 1907 1036 1943 Graecos
1069 1908 1269 1947 ἀττικισμὲς
1296 1897 1385 1946 ille,
1428 1895 1608 1936 redolens

869 1962 1102 2000 Athenarum
1163 1958 1364 2011 proprium
1421 1953 1609 2006 saporem.

870 2020 1006 2057 Cicero
1027 2026 1152 2054 autem
1176 2016 1215 2052 in
1239 2022 1334 2052 orat.
1368 2024 1439 2064 pro
1471 2007 1607 2048 coelio

872 2089 900 2113 c.
914 2086 951 2123 3.
976 2070 1204 2113 Maledifflo
1224 2069 1323 2109 nihil
1338 2066 1450 2107 habet
1475 2077 1609 2120 propo-

858 2132 950 2185 siti,
972 2140 1129 2183 practer
1143 2126 1433 2167 contumeliam:
1458 2135 1554 2175 quae
1564 2119 1616 2174 st

866 2187 1100 2241 petulantius
1119 2185 1298 2229 inflatur,
1320 2181 1553 2228 conuicium5
1570 2175 1611 2231 fi

863 2244 1049 2297 facetius,
1073 2241 1278 2282 vrbanitas
1299 2238 1544 2277 nominatur.¹

928 2312 1083 2365 Virtus]
1113 2311 1239 2351 Habet
1270 2309 1372 2348 enim
1399 2295 1608 2345 similitudi·

869 2385 957 2410 nem
980 2367 1169 2422 quandam
1200 2364 1438 2407 vrbanitatis.

927 2439 1198 2494 Appietatem]
1257 2435 1512 2477 Produffione
1540 2445 1611 2471 no·

872 2501 984 2539 minis
1006 2500 1047 2537 fit
1066 2497 1208 2541 sonitus
1242 2493 1397 2534 auribus
1416 2493 1609 2539 ingratus:

873 2566 911 2595 et
930 2553 1037 2594 simul
1061 2553 1140 2608 ipsa
1158 2566 1231 2598 res,
1252 2550 1402 2590 nomini
1432 2546 1613 2592 subicera,

874 2610 1120 2652 deformatur.
1148 2610 1291 2663 Appius
1321 2616 1446 2645 autem
1463 2615 1613 2642 nouum

873 2669 1072 2709 Ciceronis
1082 2680 1236 2713 nomen,
1254 2676 1344 2718 prae
1361 2662 1428 2701 suo
1443 2655 1616 2699 Lentuli-

872 2739 947 2778 que
968 2722 1255 2778 contempserat.
1271 2734 1386 2773 quam
1397 2716 1614 2771 superbiam

873 2780 1006 2825 irridet
1040 2782 1210 2838 picem,
1237 2775 1418 2820 Claudiae
1445 2769 1613 2872 fiaffiiliae
