1863 3172
327 130 394 171 IN
419 129 536 169 CIC.
565 130 754 170 EPIST.
783 131 919 171 FAM.
955 130 1068 170 LIB.
1099 131 1165 170 VI.
1207 128 1398 169 EPIST.
1427 129 1459 168 1.

98 247 211 286 firmo
227 245 356 283 animo
378 244 442 289 est,
472 244 525 282 ita
557 244 741 282 maiorem
773 253 840 283 aut

96 304 324 342 minorema
357 299 584 339 conscicntia
614 298 841 339 consolatio-

97 373 185 398 nem
212 360 321 410 capit.
377 371 456 410 quo
491 356 631 409 specht
661 354 757 395 illud
799 358 839 395 in

96 416 199 467 epist.
213 426 249 467 ⁴·
285 414 400 468 Qme
419 413 617 465 t:m.·en‚st'
631 412 740 465 poffis
752 427 839 465 eam

82 471 288 523 Jiaescipere‚
307 473 481 510 maxima
498 470 561 524 est.

148 542 253 580 Satis
275 540 339 595 est]
369 544 466 591 Ergo
496 539 656 580 felicitas
681 554 759 579 non
788 540 836 579 ab

91 598 140 636 iis
163 599 291 645 rebus,
322 613 418 651 quae
439 599 486 638 ab
511 597 594 637 aliis
623 607 690 637 aut
715 611 736 636 a
757 595 836 636 for-

94 664 186 693 tuna
210 654 361 703 dantur,
382 655 442 694 sed
463 669 481 694 a
503 655 615 694 nobis
635 656 706 693 cst:
737 667 835 707 quae

92 713 310 751 Stoicorum
338 712 411 751 fuit
436 713 594 765 opinio:
633 721 675 750 vt
703 709 771 750 lib.
798 723 833 752 1.

93 769 204 808 Acad.
231 784 259 809 c.
279 783 337 810 ιο.
367 768 429 808 scd
463 767 682 807 Aristoteles
715 768 833 807 Ethic.

91 823 147 865 lib
177 842 207 868 ι.
231 836 267 865 et
286 824 393 864 Polit.
420 823 486 864 lib.
506 836 547 878 7.
575 824 749 864 adiunxit
775 839 836 864 ex-

93 892 199 922 terna
217 884 332 924 bona.

148 969 248 1008 Bene
265 964 445 1023 beateque
465 965 692 1022 vinc-ndum]
735 968 836 1008 Bene

90 1026 207 1073 viuit,
229 1027 295 1077 qui
316 1038 400 1063 cum
424 1026 568 1063 virtute
588 1026 709 1065 viuit:
748 1024 834 1064 bea-

34 1112 38 1114 >
91 1094 144 1128 te,
169 1084 229 1120 cui
250 1081 346 1120 nihil
366 1083 526 1121 omnino
545 1081 655 1122 deest.
686 1080 834 1122 addidit

91 1141 194 1178 enim
213 1138 331 1185 beate,
355 1141 444 1191 quia
466 1138 566 1178 reft‘e
588 1141 730 1186 viuere,
751 1153 833 1178 non

90 1196 194 1235 idem
213 1198 264 1234 est
283 1211 368 1235 cum
395 1197 506 1235 beate
535 1196 691 1235 viuere:
726 1195 832 1248 quod

89 1254 208 1295 Ethic.
235 1251 302 1292 lib.
319 1266 353 1293 ι.
389 1253 435 1292 ad
463 1252 670 1292 Eudemum
693 1252 834 1306 scripsit

89 1309 320 1351 Aristotcles.
350 1309 531 1350 nobilitas
554 1311 668 1357 enim,
689 1310 832 1363 proles,

89 1381 197 1422 opes,
220 1366 391 1415 diuitiae,
425 1368 558 1413 amici,
586 1368 687 1405 vires
717 1370 831 1406 etiam

90 1425 263 1478 corporis
285 1435 320 1464 et
339 1422 583 1478 pulchritudo
605 1423 651 1461 ad
670 1425 831 1464 beatitu-

90 1481 220 1520 dinem
245 1480 468 1520 conf-crunt:
508 1481 584 1519 sinc
611 1482 749 1533 quibus
781 1492 832 1520 ta-

90 1553 179 1579 men
202 1537 288 1578 licet
310 1540 409 1578 bene
433 1540 584 1578 viuere:
625 1537 730 1591 quod
756 1541 832 1579 vir-

88 1598 180 1636 tutis
203 1596 264 1634 est.

153 1669 310 1712 Vereor,
329 1679 374 1704 ne
391 1678 477 1704 eum
499 1687 551 1696 -
582 1665 832 1719 nefas-fitcli·

88 1723 189 1776 cere]
219 1721 486 1771 Interrogandi
506 1734 595 1762 nota
607 1723 832 1763 sententiam

89 1781 157 1820 alii
180 1778 476 1819 concludendam
505 1790 652 1833 putant.
690 1782 830 1833 quibus

88 1837 305 1883 assentirer,
350 1836 376 1874 fi
425 1834 636 1884 legeretur,
683 1852 831 1877 verear.

92 1893 290 1949 quomodo
305 1903 430 1931 nutem
464 1908 564 1932 nunc
593 1896 657 1940 est,
681 1893 832 1934 elicitur

90 1954 187 1992 hoc:
214 1949 366 1989 fortass'e
387 1949 491 1988 nefas
523 1952 573 1990 est
597 1965 684 1989 eum
704 1949 831 2004 appel-

90 2009 171 2050 lare
203 2007 397 2053 miserum,
428 2008 494 2058 qui
527 2006 563 2045 se
595 2009 830 2060 optimorum

92 2064 336 2107 consiliorum
371 2063 598 2102 conscientia
626 2063 829 2113 sustentare

92 2123 215 2179 possit.
243 2135 330 2160 nam
348 2131 402 2166 vt,
423 2134 494 2158 non
520 2135 655 2159 vereor
678 2135 738 2166 ne,
765 2135 828 2159 ne-

91 2183 286 2232 gationem
311 2178 504 2226 fignificat:
531 2187 572 2216 vt
593 2175 687 2215 illud
710 2176 827 2219 lib.2.

93 2238 197 2290 epist.
211 2248 251 2289 7.
283 2235 373 2273 Non
392 2247 534 2280 vercor,
554 2248 600 2272 ne
616 2232 711 2289 quid
726 2236 828 2273 timi-

93 2295 151 2341 de,
170 2308 211 2332 ne
234 2291 329 2347 quid
338 2290 452 2344 stulte
467 2291 616 2337 facias:
641 2289 743 2329 idem
765 2292 828 2337 est,

93 2365 138 2389 ac
166 2351 190 2388 fi
221 2350 332 2394 dieas,
364 2346 462 2386 nihil
488 2357 524 2386 te
556 2346 704 2394 timide,
731 2345 829 2386 nihil

92 2407 201 2448 stulte
221 2404 409 2445 fae'mnnn
437 2402 609 2442 confido:
647 2414 683 2442 et
713 2402 778 2443 lib.
795 2417 828 2454 ς.

95 2465 199 2517 epist.
215 2475 278 2504 12.
314 2461 405 2500 Non
432 2474 572 2509 vereor,
599 2474 644 2500 ne
671 2458 829 2513 cisanta-

93 2520 267 2561 titmcula
298 2516 466 2573 quadam
500 2520 686 2568 aucupari
721 2527 829 2556 tuam

87 2578 266 2634 gvatiam
284 2573 430 2614 videar.
472 2582 514 2612 vt
541 2575 657 2621 igitur
685 2575 751 2625 qtri
773 2572 827 2611 di-

97 2635 160 2677 cit,
185 2647 257 2672 non
277 2645 408 2670 vereor
434 2644 489 2677 ne,
518 2640 641 2678 negat,
668 2644 747 2669 non
775 2626 828 2668 af-

95 2692 241 2729 firmat:
269 2690 314 2726 fic
333 2690 400 2740 qui
417 2689 482 2733 ait,
502 2701 638 2726 vereor
656 2701 712 2733 ne,
733 2686 830 2725 affir-

96 2758 174 2786 mat
208 2748 348 2798 potiuS,
393 2757 506 2795 quam
553 2755 674 2793 negat.
723 2746 831 2783 timet

95 2806 198 2846 enim
218 2800 363 2855 aliquid
389 2800 560 2841 futurum
569 2829 585 2849 ,
617 2800 724 2856 quod
749 2798 833 2841 nol·

1566 139 1649 185 375

895 243 959 284 let.
989 245 1182 297 quocirca,
1204 253 1353 289 vereor,
1383 255 1428 282 ne
1449 241 1557 295 nefas
1576 242 1642 293 ,stt

894 300 1044 341 dicere.-
1083 300 1198 346 valet,
1229 302 1371 353 opinor
1400 297 1473 338 efl'e
1514 299 1641 338 nefas:

895 356 970 404 vel,
993 356 1148 397 fortasse
1170 356 1274 396 rcfas
1304 358 1355 395 cst
1378 355 1515 396 dicere.
1570 358 1646 395 Mi-

897 417 1000 453 nime
1020 417 1137 463 igitur
1158 414 1358 453 necessaria
1386 414 1438 452 cst
1466 423 1555 453 nota
1575 411 1642 452 illa

895 472 1222 521 interrogantibus
1276 471 1418 510 vlitata.
1500 473 1642 523 Neque

895 541 1002 574 vero,
1017 542 1090 567 non
1113 542 1256 572 vereor,
1275 527 1477 576 legendum
1499 529 1567 567 cst:
1590 541 1640 566 ne

893 585 970 623 sine
990 583 1110 624 caussa
1139 583 1370 623 discedamus
1392 586 1439 623 ab
1469 586 1638 638 antiquis

892 639 1014 682 libris.

948 714 1190 766 Optimorum
1215 713 1477 768 confiliorum]
1537 716 1638 754 Cum

893 770 1044 817 dixerit,
1073 769 1164 810 hene
1180 769 1346 821 sentire,
1376 772 1550 827 refleque
1568 771 1638 823 fa-

891 842 984 876 cere,
1013 826 1166 867 videtur
1197 826 1258 866 hic
1289 827 1427 867 addere
1455 826 1638 875 debuisse,

893 882 1229 940 atquefivflmwm.
1271 883 1332 924 sed
1364 884 1534 924 nobilius
1566 899 1633 938 po-

893 940 976 987 suit,
1007 955 1076 980 nec
1102 939 1280 988 alterum,
1313 939 1400 983 licet
1429 944 1636 989 omitteret,

893 997 1057 1037 exclusit.

948 1068 1162 1123 IMifirum]
1192 1073 1286 1110 Non
1311 1073 1411 1111 enim
1434 1085 1481 1110 eo
1503 1077 1540 1109 te
1565 1071 1634 1108 mi-

892 1124 1014 1165 serum
1046 1136 1179 1180 putes,
1205 1130 1294 1181 quin
1327 1126 1540 1181 respublica
1564 1127 1633 1165 mi-

892 1182 1046 1223 serrima
1066 1186 1137 1227 cst;
1166 1199 1250 1223 cum
1270 1196 1305 1224 te
1336 1185 1447 1239 possis
1469 1187 1633 1238 optimo-

890 1254 976 1280 rum
1014 1240 1258 1281 consiliorum
1297 1241 1527 1282 conscientia
1558 1239 1633 1280 sus-

889 1308 1049 1337 tentare.

947 1367 1136 1409 Vifloriae
1159 1373 1342 1422 praemiis
1373 1369 1524 1418 clue‘los]
1580 1371 1631 1408 Vt

888 1428 1139 1479 Pompeianos
1172 1428 1374 1480 quosdam:
1416 1427 1462 1466 de
1489 1423 1630 1479 quibus

888 1484 992 1536 epist.
1016 1486 1054 1526 6.
1101 1485 1140 1524 V
1136 1484 1214 1524 ι’ίὲιι
1238 1486 1290 1537 4¹st
1308 1485 1521 1524 mmm-itas
1535 1495 1632 1531 mea,

887 1554 962 1580 non
979 1551 1061 1580 tam
1083 1555 1107 1579 a
1127 1541 1298 1593 Pompeio
1326 1543 1437 1593 (nam
1454 1543 1485 1580 is
1504 1552 1630 1578 moue-

887 1596 1018 1642 batur)
1042 1611 1154 1653 quam
1174 1597 1221 1636 ab
1242 1600 1301 1646 iis,
1321 1600 1388 1653 qui
1408 1597 1502 1637 duce
1519 1597 1629 1636 Pom-

882 1655 968 1706 peio
981 1653 1095 1704 freti,
1113 1665 1434 1707 peropportunam
1453 1664 1491 1694 et
1516 1651 1631 1692 rebus

888 1709 1090 1765 domfsticis
1121 1721 1154 1750 ct
1177 1710 1453 1764 cupiditatibus
1465 1710 1555 1761 sicis·
1586 1710 1632 1749 il-

887 1768 965 1806 lins
987 1766 1079 1806 belli
1098 1766 1301 1807 vifloriam
1315 1768 1405 1820 fore
1421 1766 1625 1819 putabant.

886 1824 983 1861 hanc
1012 1838 1093 1863 rem
1125 1833 1162 1864 et
1189 1823 1325 1864 Caesar
1352 1825 1477 1874 attigit
1502 1821 1568 1863 lib.
1591 1834 1628 1865 1.

887 1880 934 1918 de
952 1879 1040 1919 bell.
1063 1882 1134 1920 eiu.
1160 1895 1189 1921 c.
1206 1893 1241 1934 3.
1254 1894 1290 1934 4.

942 1936 1136 1990 Offi'cium]
1164 1938 1250 1978 Lib.
1265 1951 1303 1991 9.
1317 1939 1467 1992 epist.5.
1494 1937 1625 1978 Secuti

873 1994 1012 2046 sumus
1032 2008 1107 2033 non
1114 1994 1236 2048 spem,
1247 1993 1326 2046 fid
1339 1994 1512 2048 officium.

944 2065 991 2104 N
1008 2081 1028 2105 c
1045 2076 1155 2104 ERN.
1212 2066 1298 2121 in
1324 2079 1441 2121 neque
1469 2079 1555 2105 cum
1580 2063 1628 2105 id

873 2121 1128 2174 faciebamus,
1147 2132 1229 2161 tam
1250 2137 1402 2162 eramus
1433 2120 1621 2173 amentes]

880 2181 984 2217 Haec
1010 2177 1219 2231 particula,
1248 2192 1379 2234 neque,
1415 2179 1476 2217 hic
1507 2178 1624 2216 habet

881 2237 960 2274 vim
982 2233 1184 2287 quandam,
1205 2249 1284 2273 non
1307 2235 1414 2288 saepe
1431 2236 1597 2274 vfitatam
1611 2252 1622 2274 :

880 2291 1103 2331 subauditur
1123 2293 1238 2338 enim,
1250 2305 1323 2330 non
1339 2291 1471 2332 modo.-
1497 2300 1538 2330 vt
1558 2292 1622 2331 fit:

881 2362 955 2387 non
981 2347 1090 2387 modo
1116 2362 1239 2396 nunc,
1271 2346 1346 2399 fi‘d
1370 2361 1486 2405 neque
1513 2359 1619 2389 tunc.

886 2403 1116 2457 Simpliciter
1133 2403 1250 2457 lib.9.
1273 2407 1376 2459 epist.
1391 2417 1454 2460 15.
1488 2405 1622 2460 Neque

884 2474 950 2515 ego
970 2462 1084 2500 aliter
1102 2465 1238 2513 accepi.
1265 2473 1302 2501 et
1319 2461 1385 2501 lib.
1402 2476 1437 2506 ι.
1450 2461 1496 2500 ad
1509 2464 1618 2500 Attic.

885 2519 987 2570 epist.
1003 2529 1039 2570 5.
1072 2518 1206 2572 Neque
1224 2517 1269 2558 id
1295 2519 1458 2571 neglexi.

940 2574 982 2614 Si
998 2572 1045 2613 id
1059 2574 1200 2628 euenit]
1244 2579 1294 2614 Vt
1310 2577 1562 2616 vinceremur.

939 2631 1241 2685 Ingredientibus·
1259 2632 1362 2673 nobis·
1377 2635 1418 2672 in
1435 2630 1618 2685 caufflun]

884 2685 1077 2726 Publicam
1128 2688 1288 2728 cauffim
1334 2681 1620 2742 suscipientibus

887 2753 1018 2783 contra
1035 2744 1244 2793 Caesarem,
1262 2746 1406 2785 senatui
1425 2747 1526 2784 dicio
1539 2758 1618 2782 non

886 2799 1114 2841 audientem.
1199 2803 1364 2846 Eandem
1399 2802 1621 2842 sententiam

945 2860 1009 2897 Aa
1034 2869 1064 2911 4
1495 2858 1625 2913 posuit

1039 3017 1062 3028 x
