1863 3172
322 124 382 166 IN
407 122 520 165 CIC.
547 121 740 165 erlsT.
776 124 907 166 FAM.
935 124 1042 165 LIB.
1074 125 1142 164 111.
1169 123 1361 166 EPIST.
1387 125 1434 164 X.
1475 126 1480 131 '

150 235 254 292 Vna]
285 241 367 277 Vna
383 238 577 290 inprimis.
605 237 720 277 habet
731 239 832 278 enim

1542 128 1625 183 '233

946 233 1232 332 Necelffarium]
1269 238 1369 284 Quia
1398 237 1627 288 significatur

91 307 171 333 non
198 305 273 333 tam
295 293 524 345 definiendi,
554 308 670 348 quam
693 308 833 346 angen·
887 289 929 328 in
949 295 1024 333 tuis
1057 295 1177 333 itteris
1196 291 1353 347 suspicIo
1384 296 1569 348 quaedam
1587 307 1627 337 et

86 349 126 389 di
152 352 242 389 vim.

147 405 425 461 Adolescente]
454 406 664 449 Dolabella.

143 462 305 502 Duobus
324 465 464 516 capitis
483 464 654 518 iudiciis]
683 462 769 503 Lib.
787 461 827 504 6.

88 521 191 572 epist.
208 530 224 560 1
237 531 272 559 1.
295 519 422 561 scribit
442 520 476 560 se
495 519 716 561 Dolabellae
729 522 827 574 peri-

87 574 181 615 culis
206 590 285 615 non
308 576 474 616 defuiffe.
533 579 680 630 Capitis
701 588 829 616 autem

85 630 272 687 iudicium
298 633 370 672 fuit
382 663 394 681 ,
415 648 495 687 quo
522 633 675 675 libertas
696 644 760 673 aut
780 635 827 672 ci-

88 690 186 729 vitas
210 692 466 730 amittebatur.

142 746 464 800 Obliuistcretur]
496 747 707 795 Amicitiae,
731 761 827 800 quae

86 804 182 842 mihi
213 814 335 843 tecum
371 803 593 852 intercedit,
637 806 826 844 rationem

85 875 167 899 non
187 862 355 900 haberet.

147 919 220 957 Vel
239 918 491 965 ornamentis,
513 918 579 959 vel
597 915 826 971 praesidiis]

84 975 137 1012 Iis
158 975 291 1021 rebus,
311 988 407 1027 quae
425 974 485 1013 vel
506 986 747 1023 ornamento,
766 973 827 1014 vel

84 1031 272 1084 praesidio
294 1031 365 1070 ess'c
376 1032 546 1084 potsunt:
576 1046 668 1084 quas
686 1045 827 1070 memo·

81 1098 142 1126 rat
164 1086 228 1127 lib.
250 1101 286 1130 2·
309 1090 410 1142 epist.
436 1101 499 1141 13.
544 1088 667 1146 Qid,
686 1090 825 1142 inquit,

83 1144 135 1199 5st
153 1143 311 1198 cauffive,
330 1160 400 1184 cm·
417 1146 510 1185 mihi
528 1161 599 1185 non
619 1148 660 1186 in
682 1140 826 1198 opulis

69 1201 144 1254 sti,
178 1201 375 1255 complefli
401 1202 606 1250 hominem,
622 1202 826 1255 florentem

82 1269 223 1306 aetate,
257 1257 405 1311 opibus,
426 1259 647 1304 honoribus,
666 1260 826 1312 ingenio,

82 1313 227 1359 liberis,
238 1315 662 1371 propinquis,nffi'nihus,
674 1318 828 1357 amicis?

141 1372 193 1411 Vt
211 1371 388 1422 leuiffhm·
406 1371 560 1424 dicam]
581 1375 674 1412 Non
693 1373 826 1423 dicam,

82 1430 225 1476 omnia,
255 1429 329 1476 sed,
350 1427 467 1468 multa
488 1428 666 1468 deessent.

139 1486 265 1537 Sermo
271 1486 436 1540 stultus]
467 1487 674 1525 Diffitabat
691 1484 823 1525 fortas-

82 1540 143 1589 se,
176 1543 334 1595 probari
356 1556 376 1580 a
408 1545 592 1582 Cicerone
622 1542 822 1582 accusatio-

81 1613 171 1638 nem
192 1598 308 1646 illam,
331 1599 402 1638 hoc
435 1611 684 1649 argumento,
717 1599 821 1653 quod

80 1656 149 1696 fibi
176 1666 265 1694 tunc
288 1655 404 1695 filiam
424 1656 526 1695 suam
551 1655 776 1711 collocasset.

140 1713 285 1768 Coelio]
317 1716 398 1753 Hae
412 1712 536 1753 Coelii
554 1712 715 1762 litterae,
728 1727 820 1768 quas

80 1769 143 1809 hic
171 1771 306 1809 Cicero
332 1772 532 1820 fignificat,
559 1785 639 1809 non
667 1773 820 1811 exstant.

80 1841 169 1866 nam
201 1829 242 1865 in
262 1830 330 1874 iis,
360 1842 451 1880 quas
472 1828 686 1876 habemus,
719 1826 824 1867 nulla

79 1883 264 1924 sermonis
285 1885 396 1923 huius
434 1883 654 1924 Dolabellae
675 1886 821 1925 mentio

80 1943 135 1981 fit.
166 1940 211 1979 de
230 1942 423 1990 iungendo
449 1954 574 1981 autem
604 1943 704 1981 inter
734 1956 822 1981 eum

77 2008 118 2038 et
136 1996 334 2046 Tulliam,
355 2001 551 2050 Ciceronis
575 1998 712 2047 filiam,
745 2013 822 2038 ma-

79 2057 278 2103 trimonio,
301 2055 474 2109 loquitur
493 2054 648 2095 Coelius
668 2058 709 2095 in
731 2055 822 2095 dua·

76 2112 150 2153 bus
168 2111 345 2165 epistoliS,
369 2112 434 2151 lib.
449 2118 482 2156 8
507 2116 544 2155 6.
563 2123 600 2152 et
624 2124 687 2163 13.

139 2169 454 2223 Coniunfimzem]
487 2171 712 2218 Amicitiam,
723 2184 822 2223 quae

79 2236 190 2265 antea
210 2225 346 2266 fuerat.
376 2226 441 2265 lib.
464 2230 501 2269 6.
526 2228 628 2280 epist.
651 2237 713 2269 11.

140 2283 322 2338 Nouam]
351 2285 508 2337 Nuptiis
550 2282 649 2323 filiae
699 2285 821 2323 conci-

79 2338 221 2378 liatam.

140 2397 272 2450 Neque
304 2395 351 2436 id
384 2397 433 2452 ‹st
460 2395 685 2451 olgfcttrum]
721 2397 823 2438 Mul-

79 2463 141 2494 tos
162 2455 263 2492 enim
282 2464 318 2492 et
339 2452 511 2501 illustres,
531 2465 567 2493 et
591 2469 635 2493 ex
656 2454 823 2508 superio-

80 2525 136 2557 re,
166 2520 202 2550 et
224 2523 268 2548 ex
288 2524 411 2562 aequo
432 2510 530 2557 loco,
543 2510 735 2550 sermones
758 2513 822 2551 ha-

20 2563 26 2568 ’
79 2568 182 2607 bitos
207 2566 279 2606 effe
296 2581 380 2606 cum
399 2567 540 2607 summa
561 2569 677 2623 Appii
697 2567 821 2618 laude,

46 2624 57 2634 ⁸
80 2624 176 2663 dixit
194 2625 296 2677 epist.
318 2626 354 2667 8.

137 2681 320 2720 Alienum
341 2691 487 2733 tempus
512 2681 595 2736 est]
637 2685 700 2722 Ne
735 2681 821 2722 satis

78 2751 233 2788 grauem
255 2752 299 2777 ex
321 2738 552 2778 accusatione
573 2753 700 2778 curam
721 2737 824 2780 susti-

79 2797 186 2835 nenti
203 2795 275 2836 hoc
297 2798 409 2836 etiam
425 2794 568 2852 addam·
587 2795 792 2838 molestiae.

886 346 1088 390 dubitatio.

939 406 1165 464 Lgationi]
1222 409 1302 446 Hae
1351 406 1399 447 de
1446 422 1489 449 re
1536 409 1625 451 vide

883 465 988 518 epist.
1013 469 1048 511 8.

938 534 980 574 Si
995 534 1109 581 clam,
1126 535 1247 591 magis
1263 546 1397 587 aperte
1428 535 1625 590 inimicus]

882 591 920 629 Si
956 592 1039 643 quis
1067 592 1139 638 est,
1187 593 1254 643 qui
1290 591 1325 631 se
1351 595 1542 633 veteribus
1569 595 1624 633 ita

882 645 991 687 libris
1024 646 1235 695 addixerit,
1264 658 1305 687 vt
1329 647 1456 688 locum
1498 652 1624 690 conie-

882 706 1011 744 &nrae
1031 703 1178 743 nullum
1196 704 1410 758 relinquam
1439 705 1537 755 legat
1548 708 1624 755 hic,

868 760 934 816 stc
954 763 1034 803 iam
1061 762 1182 816 magis
1202 774 1334 814 aperte
1364 763 1543 803 inimicus
1570 765 1625 815 qs-

871 819 966 870 sem.
1004 832 1090 857 nam
1120 821 1170 857 ita
1202 817 1338 858 diserte
1365 833 1407 858 ae
1436 818 1549 873 plane
1582 822 1625 859 in

881 875 1163 928 antiquioribus
1191 873 1319 925 libris,
1359 878 1472 916 etiam
1494 879 1535 915 in
1554 875 1623 915 illo

882 932 1078 980 Mediceo,
1100 931 1278 986 scriptum
1308 935 1369 973 est.
1398 934 1450 972 fin
1470 935 1625 987 perqui-

881 988 999 1028 renda
1033 991 1172 1029 veritas
1204 990 1276 1037 est,
1308 1000 1343 1029 et
1370 988 1457 1029 licet
1480 1005 1501 1029 a
1520 1004 1625 1029 men-

882 1045 977 1085 dosis
998 1047 1220 1099 incorrupta
1235 1045 1484 1096 distinguere:
1513 1047 1624 1086 dubi-

880 1103 1050 1152 tandum,
1071 1105 1226 1156 opinor,
1249 1117 1325 1141 non
1345 1106 1430 1152 erit,
1451 1105 1543 1157 quin
1560 1105 1625 1144 hic

880 1174 966 1214 pro,
992 1159 1049 1212 fic
1070 1163 1422 1213 ian3„,reponatur,
1436 1161 1625 1213 siclam,-

881 1231 953 1271 pro
974 1215 1090 1272 essem,
1110 1213 1186 1271 effi.
1224 1217 1327 1270 quod
1347 1216 1441 1257 olim
1459 1231 1480 1258 a
1505 1219 1627 1268 fingu-

882 1274 953 1314 lari
974 1275 1074 1322 viro,
1097 1275 1207 1313 Petro
1234 1276 1392 1314 Danefio
1417 1276 1624 1322 Parmensi,

882 1330 1066 1385 Episcopo
1097 1333 1276 1371 vaurenfi
1290 1361 1301 1378 ,
1321 1345 1436 1384 quem
1467 1332 1514 1371 ab
1535 1331 1625 1370 ado-

881 1386 1054 1427 lescentia
1074 1402 1156 1426 mea
1181 1386 1296 1426 dilexi
1318 1389 1567 1428 vehementer
1587 1397 1625 1427 et

883 1444 1008 1492 colui,
1065 1455 1172 1484 acute
1214 1444 1518 1484 animaduersum
1571 1447 1626 1484 ita

877 1502 1053 1556 probaui,
1073 1512 1115 1541 vt
1135 1503 1305 1555 imprimi
1324 1500 1526 1553 voluerim.
1558 1516 1626 1540 ne-

879 1573 953 1612 que
974 1559 1065 1597 haec
1094 1560 1220 1611 postea
1254 1560 1472 1597 coniectura
1502 1559 1626 1597 homi-

876 1616 990 1655 nibus
1009 1615 1181 1662 eruditis,
1211 1629 1295 1655 cum
1316 1625 1353 1654 et
1374 1616 1441 1669 ipfi
1465 1616 1532 1655 has
1545 1617 1623 1670 epi·

877 1671 988 1712 stolas
1010 1672 1266 1719 emendarent,
1291 1669 1494 1726 displicuit.

935 1743 1133 1801 Qasunt
1150 1743 1207 1798 ii]
1237 1745 1347 1797 Epist.
1380 1747 1418 1792 8.
1477 1743 1520 1784 Si
1538 1744 1627 1799 quis

882 1801 942 1854 cst,
969 1803 1036 1858 qui
1054 1803 1235 1840 neminem
1258 1799 1446 1852 bonafide
1465 1800 1506 1838 in
1525 1813 1628 1855 gra-

881 1860 980 1898 tiam
1005 1869 1116 1912 putet
1140 1856 1280 1909 ,redire
1305 1854 1424 1912 poffe:
1463 1869 1539 1896 non
1562 1870 1627 1896 no-

864 1915 1000 1970 stram
1028 1917 1062 1955 is
1088 1912 1294 1966 petfidiam
1318 1914 1519 1969 coarguit,
1549 1910 1630 1967 [bd

878 1971 1030 2013 indicat
1048 1971 1184 2023 suam.

934 2044 979 2083 In
1000 2042 1152 2094 obscuro
1170 2040 1272 2094 odio]
1300 2042 1338 2079 Si
1359 2039 1458 2081 clam
1475 2050 1515 2081 te
1526 2039 1625 2081 odis-

879 2099 967 2139 sem.
995 2099 1101 2153 quod
1121 2100 1298 2153 proxime
1318 2097 1422 2137 dicit.

935 2159 982 2197 In
1009 2171 1080 2213 quo
1100 2156 1171 2197 tibi
1195 2155 1296 2195 nihil
1319 2153 1518 2208 nocerem]
1550 2155 1625 2194 Ite·

877 2225 936 2253 rat
955 2212 1075 2261 illud,
1102 2215 1145 2254 in
1175 2225 1244 2266 quo
1267 2215 1396 2265 potui,
1410 2210 1463 2263 st
1481 2221 1520 2250 te
1556 2223 1626 2261 pa-

877 2271 958 2312 lam
977 2268 1137 2326 odffim,
1156 2271 1294 2317 minus,
1313 2267 1415 2324 quod
1429 2265 1506 2308 tibi
1525 2266 1630 2320 obest

867 2327 945 2378 fit,
960 2327 1096 2380 faeere
1107 2328 1126 2365 ‚2

932 2397 998 2438 Ad
1025 2413 1084 2438 me
1112 2396 1225 2438 adire
1248 2394 1431 2450 quosdam
1455 2394 1625 2443 memini,

878 2456 1062 2496 nimirum
1107 2469 1157 2495 ex
1193 2452 1383 2506 EpiHem,
1431 2453 1498 2507 qui
1525 2450 1624 2492 dice-

878 2512 994 2565 rent]
1032 2513 1128 2561 Qis
1163 2525 1242 2549 non
1277 2509 1404 2558 videt,
1426 2507 1624 2549 abundare

877 2568 988 2615 illud,
1009 2569 1193 2609 nimirum
1217 2580 1263 2607 ex·
1285 2565 1455 2620 EpiHeto
1469 2567 1489 2604 ?
1518 2563 1625 2618 quod

879 2628 1018 2666 vitium
1048 2639 1116 2665 nec
1153 2623 1246 2663 olim
1276 2626 1317 2663 in
1347 2625 1482 2663 nostris
1513 2621 1624 2662 libris

878 2684 1034 2722 haerere
1063 2681 1185 2736 passus
1225 2679 1328 2727 sum3
1380 2690 1417 2720 et
1450 2693 1549 2718 nune
1575 2691 1625 2719 eo

878 2742 997 2789 magis
1017 2741 1057 2778 in
1079 2738 1264 2778 sententia
1284 2739 1506 2782 confirmor,
1517 2733 1623 2788 quod

878 2811 900 2837 a
919 2797 1111 2838 veteribus
1134 2796 1224 2837 0810
1242 2793 1350 2836 libris
1361 2795 1527 2856 nostram
1542 2792 1625 2843 opi-

1465 2861 1624 2889 monem
