1863 3172
330 130 406 169 IN
441 129 556 169 CIC.
593 131 780 172 EPIST.
819 134 954 173 ΕΔΜ.
995 135 1106 174 LIB.
1128 136 1211 176 VH.
1253 138 1448 179 EPIST.
1469 140 1500 178 1.

151 241 345 282 orationes
355 243 483 282 etiam
489 242 715 296 scripserat.
769 247 889 285 Diuus

150 299 265 337 etiam
282 299 537 345 Hieronymus
562 312 691 341 contra
712 304 890 342 Rufinum

141 357 283 395 recitat
302 353 429 395 locum
446 371 491 396 ex
507 360 682 398 oratione
692 361 889 399 Ciceronis

149 427 221 467 pro
244 412 422 452 Gabinio.

140 484 162 497 ''
205 484 258 524 Et
280 482 398 524 laudo
422 484 670 534 vehementer,
702 498 739 526 et
752 485 887 539 probo]

134 539 244 582 ‘Vide
260 538 357 580 illud
386 541 451 581 lib.
467 554 502 594 5.
533 545 635 597 epist.
650 556 714 586 20.
759 545 890 600 ,ngm

145 611 272 638 omnes
293 612 366 638 non
388 598 516 647 sblum
544 600 813 654 p›·ol1a11t‚Jc'·d
835 613 888 642 et-

136 657 224 696 *i‘am
251 654 428 696 laudant.

202 727 345 780 Lepore
356 725 436 780 tuo]
459 728 578 780 Lepor
592 730 633 767 in
654 730 781 769 verbis
798 744 886 783 pro-

145 786 228 836 prie
245 785 396 831 dicitur,
417 783 547 823 adalia
572 795 696 825 tamen
709 787 884 826 transfer-

143 851 230 890 tur,
259 855 357 895 quae
386 840 674 882 deleGlationem
705 843 883 884 afferant:

144 908 200 946 vt,
222 899 327 939 homo
354 902 456 938 omni
475 900 600 952 lepore
627 915 673 939 ac
691 901 884 954 venustate

143 953 311 1010 affluens.
348 966 397 1003 et,
425 967 584 1009 propter
613 956 754 997 cultum
792 960 882 997 ami-

144 1015 324 1066 &umque
350 1011 604 1061 lasciuiorem,
627 1018 737 1067 pueri
765 1014 883 1068 lepidi

142 1084 190 1110 ac
233 1070 392 1110 delicati
428 1081 615 1110 vocantur
649 1084 745 1112 orat.
767 1083 805 1112 2.
839 1073 881 1111 in

143 1126 261 1168 Catil.
284 1142 315 1167 c.
333 1137 392 1170 10.
422 1128 532 1180 Etfit
551 1127 671 1180 lepide
687 1131 760 1169 illa
780 1132 881 1174 ε”κχυ-

134 1202 192 1228 eu,-
200 1183 412 1224 radiorum.
428 1183 492 1223 lib.
505 1197 543 1226 2.
557 1185 604 1224 ad
613 1188 722 1225 Attic.
735 1188 878 1240 epist-3.

140 1241 247 1296 quod
268 1240 434 1282 refertur
451 1241 498 1280 ad
519 1243 791 1282 iucunditatem
817 1258 878 1283 eo-

136 1301 317 1353 runuqui
344 1313 389 1339 ex
411 1301 574 1350 angustis
599 1299 769 1340 fenestris
791 1314 877 1354 pro-

139 1359 337 1414 spicerent.

195 1426 490 1483 Molqstzffinms]
534 1428 659 1467 Huius
684 1424 877 1465 molestiae

137 1489 378 1543 praecipuam
398 1483 557 1524 cauffam
571 1484 678 1532 dixit,
689 1484 793 1536 quod
811 1498 875 1523 eos

138 1547 266 1592 etiam,
283 1557 380 1597 quos
401 1541 534 1590 nollet,
546 1540 749 1581 defendere
770 1554 875 1591 coge-

135 1612 254 1643 tetur.

194 1670 403 1730 Qibusst'
414 1685 471 1710 me
482 1668 684 1722 relaxaro]
713 1668 795 1707 Lib.
812 1671 875 1710 16.

138 1731 186 1770 ad
210 1730 321 1769 Attic.
342 1729 444 1781 episi,
463 1725 522 1769 16.
551 1728 593 1767 Si
611 1738 649 1766 te
667 1728 874 1778 occupatio-

135 1801 183 1829 ne
200 1786 272 1840 ista
296 1786 500 1824 relaxaris.

194 1836 419 1894 Exsoluam]
463 1843 556 1881 Non
581 1839 741 1878 omnino
764 1852 872 1877 occu-

134 1900 353 1957 pationibus
384 1897 576 1950 expediri,
604 1894 667 1936 sed
695 1895 873 1948 impediri

134 1960 259 2000 minus
293 1955 386 1995 vult.
416 1953 499 2009 plus
529 1953 644 2000 enin«,
669 1953 874 2004 exfilucre,

137 2028 251 2069 quam
286 2013 490 2060 relaxare5
530 2010 718 2049 contraria
763 2023 870 2055 vero,

133 2073 328 2115 relaxare,
348 2080 385 2108 et
405 2066 651 2123 adstringere,
669 2076 710 2104 vt
730 2063 794 2105 lib.
812 2078 871 2106 10.

134 2128 183 2169 ad
209 2129 318 2167 Attic.
338 2126 440 2179 epist.
454 2128 490 2167 6.
532 2126 644 2164 Pater
670 2124 785 2162 nimis
812 2123 870 2161 in·

133 2185 317 2241 dulgent,
343 2179 532 2240 quidquid
566 2193 632 2233 ego
665 2178 872 2234 adstrinxi,

136 2243 305 2283 relaxat.

193 2295 370 2356 Qtidst't
381 2295 599 2335 humaniter
617 2292 758 2342 viuere]
776 2294 871 2332 Non

134 2354 262 2396 refero
280 2354 506 2399 humaniter,
517 2350 564 2390 ad
577 2363 658 2388 eam
678 2350 871 2396 virtutem,

135 2426 210 2466 qua
233 2412 299 2464 qui
326 2409 516 2464 praeditus
547 2408 618 2453 est,
656 2404 803 2445 facilem
832 2406 868 2445 se

135 2469 314 2508 omnibus
341 2467 508 2520 praebet,
537 2465 697 2503 comiter
731 2465 868 2515 excipit

133 2527 343 2573 benignum
357 2554 368 2571 ‚
416 2519 701 2574 compleefitur,
744 2519 867 2566 vultu,

133 2583 276 2628 verbis,
295 2594 337 2619 re
355 2581 547 2618 neminem
566 2576 680 2615 laedit
696 2593 706 2614 ;
731 2574 791 2615 secl
811 2591 867 2615 ac·

132 2641 232 2693 cipio
250 2638 476 2680 humaniter,
496 2648 567 2687 pro
587 2632 750 2672 iucunde
762 2631 866 2671 simul

132 2706 170 2735 et
188 2696 354 2739 honeste,
376 2706 460 2731 cum
481 2693 526 2729 iis
550 2689 808 2743 voluptatibus
829 2701 866 2728 ct

131 2751 275 2797 studiis,
298 2751 435 2803 quibus
456 2750 602 2786 animus
622 2746 774 2799 quidem
808 2760 865 2785 re-

128 2810 304 2856 mittitur,
325 2819 533 2860 numquam
552 2814 677 2844 tamen
701 2817 724 2845 a
747 2805 865 2843 virtu-

1605 153 1689 195 429

947 255 985 286 te
1013 246 1255 298 disiungitur.
1308 251 1530 292 humaniter
1561 264 1597 294 et
1624 255 1692 296 hu-

947 317 1060 342 mane
1093 304 1187 347 dixit
1228 309 1383 349 Cicero:
1432 308 1494 349 sed
1523 311 1688 352 vfitatius

947 358 1020 398 effe
1037 360 1208 411 humane,
1232 376 1269 404 et
1289 381 1372 406 cum
1393 368 1553 421 quadam
1574 367 1690 409 licen·

947 418 998 455 tia
1024 417 1166 458 dietum
1183 421 1414 472 humaniter,
1442 425 1532 464 ficut
1562 440 1583 464 a
1607 428 1686 466 Te·

946 475 1074 513 rentio
1095 477 1135 514 in
1156 478 1272 518 Andr.
1294 482 1371 519 A&
1388 494 1421 523 1.
1440 484 1495 520 Sc.
1511 494 1542 522 ι.
1568 498 1604 523 ν.
1618 495 1685 537 47.

943 528 1098 570 duriter
1117 547 1187 585 pro
1207 534 1317 583 dure,
1335 539 1496 578 ostendit
1517 542 1686 590 Augusti-

946 601 1015 626 nus
1035 589 1076 626 in
1095 586 1196 629 libro
1219 592 1266 632 de
1288 597 1550 636 Grammatica.

1001 656 1118 710 {stam
1155 660 1459 705 imbecillitatem
1495 667 1684 707 valetudi-

943 716 1021 768 nis]
1055 716 1323 759 Valetudinem
1341 721 1450 775 istam
1478 723 1682 774 infirmum,

943 770 1036 810 dixit
1059 770 1127 811 lib.
1150 783 1213 826 14.
1252 779 1353 830 epist.
1367 791 1406 821 2.

996 843 1190 895 Sustenta]
1224 849 1318 900 Apte
1342 859 1378 888 et
1404 854 1581 904 proprie:
1612 854 1679 892 nist

941 900 1041 938 enim
1065 899 1289 943 sustentetur
1313 908 1417 958 quod
1447 907 1679 949 imbecillum

939 958 1001 1003 est,
1020 956 1130 996 facile
1151 961 1327 1002 concidit.

998 1028 1122 1068 Villns
1141 1029 1258 1083 obire]
1297 1036 1371 1073 Pro
1392 1036 1523 1074 adire:
1549 1050 1677 1088 quam-

938 1097 1052 1136 quam
1069 1084 1277 1127 voluntatis
1310 1100 1347 1129 et
1375 1092 1485 1130 studii
1511 1091 1595 1146 plus
1626 1096 1678 1133 est

937 1142 976 1179 in
998 1141 1108 1188 obire,
1136 1158 1250 1197 quam
1269 1146 1404 1188 adire.-
1445 1160 1487 1188 vt
1505 1164 1589 1189 cum
1610 1149 1676 1190 ali-

936 1198 977 1236 bi
996 1199 1101 1248 dixit,
1113 1201 1215 1242 0ὸὶῑέ
1233 1217 1356 1252 cenas,
1376 1205 1478 1246 obire
1495 1209 1674 1248 colonias.

933 1256 1129 1297 Interdum
1149 1259 1250 1300 valet
1279 1261 1443 1315 exsequi.

993 1329 1099 1368 Haec
1112 1328 1168 1370 τιό
1185 1342 1223 1370 te
1239 1332 1417 1384 pluribus
1437 1333 1567 1374 verbis
1574 1335 1675 1387 scri-

930 1383 1002 1436 psl,
1022 1400 1134 1440 quam
1141 1388 1261 1438 soleo,
1287 1404 1360 1428 non
1390 1393 1460 1431 otii
1479 1390 1674 1431 abundan-

933 1444 1005 1488 tia,
1013 1442 1088 1492 sed
1101 1448 1243 1484 amoris
1259 1460 1351 1503 erga
1369 1447 1425 1500 te]
1475 1450 1561 1487 Dixi
1582 1450 1671 1497 iam,

932 1498 1173 1540 similitudine
1219 1501 1392 1542 locorum
1436 1504 1674 1555 indagandas

933 1558 1081 1608 copiam
1114 1556 1177 1606 ali,
1208 1570 1243 1598 et
1277 1562 1472 1610 ingenium
1504 1564 1669 1603 excitari.

932 1625 1062 1664 quare,
1083 1615 1107 1653 fi
1136 1616 1227 1668 quid
1258 1619 1299 1656 in
1329 1619 1402 1656 hoc
1430 1633 1567 1670 genere
1595 1634 1668 1673 pro

930 1671 1059 1709 nostro
1087 1673 1282 1722 instituto,
1316 1675 1428 1714 studii
1452 1691 1669 1730 operaeque

930 1729 1130 1778 ponimus;
1159 1743 1237 1785 non
1270 1733 1426 1782 οἴχεται,
1453 1743 1495 1772 vt
1515 1736 1669 1787 opinor,

929 1785 1052 1822 nostra
1089 1785 1292 1835 industria,
1331 1788 1392 1828 sed
1422 1805 1506 1830 cum
1537 1789 1668 1844 aliquo

930 1838 1082 1880 fortasse
1108 1842 1359 1884 studiosorum
1388 1846 1516 1887 frum
1548 1847 1670 1887 collo·

931 1906 1044 1937 catur.
1099 1901 1144 1937 In
1165 1901 1405 1953 epistolarum
1426 1902 1587 1944 clausula
1611 1905 1667 1944 so-

928 1951 980 1992 let
1018 1954 1292 1998 excusationem
1332 1961 1465 2000 Cicero
1501 1960 1667 2015 aliquam

928 2009 1078 2058 afferre,
1098 2012 1158 2052 vel
1180 2017 1268 2067 quia
1289 2015 1442 2065 longior
1462 2018 1591 2066 fuerit,
1603 2016 1664 2057 vel

928 2070 1015 2120 quia
1033 2067 1194 2110 liberior
1213 2073 1253 2110 in
1283 2072 1492 2113 scribendo.
1522 2077 1663 2129 prioris

926 2127 1074 2174 generis
1094 2127 1306 2181 exemplum
1329 2132 1379 2169 est
1399 2132 1487 2178 hoc,
1516 2144 1552 2171 et
1569 2131 1663 2170 illud

926 2181 991 2221 lib.
1007 2185 1044 2225 6.
1062 2185 1162 2236 epist.
1174 2197 1211 2238 4.
1228 2185 1303 2225 Sed
1307 2186 1394 2226 haec
1398 2188 1507 2240 satis
1524 2190 1664 2236 multa,

926 2239 992 2278 vel
1004 2239 1124 2291 plura
1141 2244 1278 2292 potius,
1292 2258 1405 2298 quam
1423 2244 1551 2300 neceffb
1563 2246 1661 2298 fuit.

918 2295 1025 2347 facit
1052 2307 1178 2335 autem
1208 2312 1280 2338 non
1315 2302 1530 2356 loquacitas
1565 2317 1661 2350 mea,

914 2350 991 2402 fid
1008 2350 1269 2394 beneuolentia
1282 2356 1469 2414 longiores
1479 2359 1661 2414 epistolas.

926 2410 968 2446 Et
989 2406 1054 2447 lib.
1067 2418 1103 2459 3.
1133 2412 1234 2463 epist.
1262 2423 1322 2453 ιο.
1365 2415 1441 2455 Sed
1465 2410 1556 2456 habe
1575 2417 1662 2456 hac-

925 2476 1040 2505 tenus.
1074 2466 1251 2518 pluribus
1280 2472 1376 2510 enim
1412 2473 1532 2512 etiam
1572 2472 1661 2524 for-

923 2519 1014 2576 taſj}
1030 2522 1166 2572 verbis,
1179 2538 1293 2579 quam
1303 2526 1436 2582 nec-effl-
1456 2528 1551 2582 fuit·5
1559 2530 1661 2579 stri-

922 2589 990 2632 pta
1000 2578 1110 2629 sunt.
1141 2582 1237 2620 Cato
1254 2585 1367 2622 etiam
1395 2583 1461 2624 lib.
1478 2597 1538 2636 15.
1555 2587 1655 2638 epist.

925 2647 962 2680 ς.
1010 2635 1287 2678 excusationem
1332 2643 1526 2693 quaefiuit‚
1556 2644 1658 2694 quali

922 2688 1077 2741 longior
1090 2691 1226 2734 fuiffet.
1285 2698 1389 2738 Haec
1420 2711 1494 2753 ego,
1518 2700 1658 2750 inquis,

921 2748 1063 2789 idcirco
1100 2749 1156 2790 ad
1188 2762 1227 2791 te
1257 2764 1393 2794 contra
1422 2754 1658 2804 consuetudi-

919 2817 1005 2846 nem
1014 2820 1136 2850 meam
1140 2807 1321 2861 pluribus
1324 2809 1476 2864 scripst,
1489 2822 1543 2855 vt,
1557 2809 1660 2866 quod

1491 2881 1656 2909 maxime
