1863 3172
281 121 356 162 *ΙΝ
383 121 497 161 CIC.
527 119 722 161 EPIST.
751 119 884 161 FAM.
914 121 1027 160 LIB.
1055 119 1125 160 111.
1155 119 1347 160 EPIST.
1375 122 1422 162 V.

86 236 308 289 proprium,
329 242 371 273 vt
393 230 459 270 lib.
486 237 522 278 8.
543 231 589 270 ad
603 236 712 273 Attic.
728 235 831 288 epist.

90 304 128 345 3.
156 293 209 330 ad
225 293 411 343 Capuam,
437 285 492 326 ad
520 289 730 332 Luceriam.
760 290 831 330 Sed

86 350 188 388 hunc
208 345 332 386 locum
354 359 397 384 ex
423 345 577 396 epistola
598 345 778 400 sequenti,
790 349 830 385 in

88 418 171 456 qua·
191 403 281 445 Sida
302 403 544 451 nominatur,
581 404 719 457 aliquis
753 402 830 442 for-

87 460 179 501 tnss'e
225 460 400 499 mutauit.
434 472 518 497 nam
553 458 643 500 libri
669 471 829 507 veteres,

89 520 202 557 etium
222 517 428 561 Mediceus‚
450 515 602 566 habent,
630 515 686 557 ad
705 517 828 565 illam,

89 574 194 629 quod
214 572 306 613 ferri
331 573 462 627 potest.

147 643 377 696 Laodiceae]
414 641 521 691 Vide,
545 642 650 697 quae'
664 642 826 682 diximus

89 700 205 743 lib.2.
226 702 328 756 epist.
355 712 418 752 17.

145 757 211 799 Ad
231 772 349 798 oneum
367 754 601 809 aduentum]
630 759 760 810 Vsque
779 755 826 796 ad

90 830 219 855 meum
241 815 460 854 aduentum.

147 886 189 926 T
187 901 234 925 ua
255 881 375 936 ratio]
407 884 521 924 Ratio
532 899 612 924 non
632 886 682 924 est
694 883 830 924 volun-

92 953 146 983 tas
160 973 172 991 ,
199 956 277 981 non
301 942 509 990 negotium,
536 956 614 981 non
636 941 831 981 consuetu-

93 1001 274 1047 do,-non
299 996 524 1037 confilium:
562 999 654 1052 quid
686 1000 831 1048 igitur?

92 1059 207 1096 vnico
226 1055 347 1095 verbo
383 1069 463 1093 non
484 1054 568 1093 satis
598 1055 750 1095 videtur
770 1069 831 1094 ex-

91 1113 226 1169 plicari
243 1110 366 1166 poffe:
407 1112 467 1150 hic
489 1113 664 1166 quidem,
682 1124 753 1153 tna
775 1127 838 1151 ra-

93 1172 149 1212 tio
174 1170 300 1224 ρρΙίεα
326 1168 377 1219 est
413 1181 647 1209 commutata
666 1199 678 1217 ‚
722 1167 838 1216 valet,

94 1229 267 1274 mutasti,
296 1223 400 1278 quod
433 1236 468 1264 te
491 1225 679 1266 fafturum
718 1228 838 1265 osten-

96 1285 217 1324 deras.
231 1297 310 1322 non
329 1281 458 1321 eadem
469 1281 542 1323 fuit
562 1282 745 1323 sententia
760 1294 837 1322 tua.

94 1341 198 1382 Tale
218 1338 314 1380 illud
336 1340 439 1392 epist.
466 1344 501 1386 8.
560 1341 656 1380 Mea
672 1340 777 1380 ratic)
798 1342 839 1378 in

96 1410 182 1439 tota
205 1398 396 1446 ‚amicitia
430 1396 558 1446 nostra
600 1396 770 1452 cot-astans
800 1407 839 1436 et

92 1457 232 1512 grauis
249 1454 473 1506 reperietur.
532 1452 646 1501 Vide,
670 1468 768 1506 quae
784 1452 837 1491 di-

98 1515 221 1552 ximus
241 1512 281 1549 in
304 1524 351 1549 eo
372 1507 478 1557 loco,
516 1524 601 1549 mea
626 1513 731 1551 ratio
751 1510 839 1563 fuit

98 1570 196 1616 alia,
216 1566 281 1607 lib.
301 1579 336 1608 1.
368 1567 471 1618 epist.
496 1578 534 1619 9.

158 1641 280 1691 Prope
309 1647 418 1676 ERN.
448 1634 578 1677 Pridie
613 1637 705 1678 Kal.
734 1637 841 1679 Sext.

96 1699 220 1752 puto]
263 1696 358 1734 Non
389 1694 543 1732 errauit.
582 1708 670 1733 nam
703 1708 750 1734 eo
780 1694 842 1733 die

101 1752 328 1793 Laodiceam
357 1751 543 1804 peruenit.
576 1752 680 1804 epist.
711 1751 786 1804 seq.
806 1761 844 1792 et

101 1809 170 1850 lib.
185 1821 220 1860 ς.
250 1807 296 1847 ad
317 1809 428 1846 Attic.
459 1809 563 1860 epist.
588 1811 651 1851 16.

155 1879 263 1922 Mihi
295 1877 482 1932 debetur]
530 1876 600 1918 Vel
629 1879 670 1917 in
687 1879 847 1933 prouin-

104 1940 184 1979 ciae
236 1934 450 1982 commoda,
496 1933 560 1974 vel
592 1936 648 1977 inv
673 1949 845 1974 annuum

103 1996 216 2049 ipsius
237 1994 400 2040 vicium,
422 1989 484 2031 vel
502 1992 543 2030 in
565 1992 747 2046 stipendia
775 1995 845 2035 mi·

105 2051 216 2092 litum
240 2049 442 2099 eroganda.

163 2105 229 2148 Ad
251 2102 497 2157 exercitum]
544 2107 669 2155 Quem
698 2107 845 2159 Appius

106 2163 326 2217 reliquerat,
347 2165 454 2202 cuius
475 2164 620 2201 mentio
638 2164 680 2202 fit
693 2164 847 2215 epist.2.

107 2225 166 2263 Sic
195 2220 261 2262 lib.
279 2218 372 2273 5.ad
401 2220 509 2260 Attic.
530 2220 632 2273 epist.
647 2230 710 2273 15.
769 2220 850 2260 Iter

112 2276 299 2321 Laodicea
328 2275 523 2329 faciebam
549 2276 605 2315 ad
634 2287 705 2315 111.
747 2275 851 2317 Non.

111 2336 215 2377 Sext,
244 2347 326 2374 cum
353 2332 423 2374 bas
447 2333 607 2374 litteras
631 2330 784 2380 dabam,
807 2335 851 2374 in

112 2390 239 2447 castra
259 2392 298 2429 in
320 2391 557 2437 Lycaoniam.
597 2391 851 2442 Quamquam,

113 2450 142 2488 fi
182 2445 380 2485 Plutarcho
412 2446 622 2493 credimus,
670 2445 762 2485 duas
800 2445 852 2486 le·

1528 131 1611 175 217

945 232 1017 273 Ad
1032 233 1228 288 Iconium]
1255 235 1300 274 In
1321 233 1531 279 Lycaonia,
1561 233 1628 273 vbi

889 300 969 329 erat
999 293 1196 330 exercitus.
1236 292 1340 344 epist.
1372 288 1555 343 sequenti,
1592 299 1631 328 et

888 344 1037 398 lib.>15.
1060 349 1162 400 epist.
1184 361 1223 400 4.
1241 359 1278 388 et
1297 346 1363 387 lib.
1386 357 1422 400 5.
1453 346 1500 385 ad
1521 347 1629 387 Attit.

887 405 991 455 epist.
1019 417 1078 457 ¹5·
1328 412 1329 415 ’
1508 449 1511 453 ,

940 472 1090 525 Fallit]
1131 477 1187 513 De
1209 476 1355 516 itineris
1388 476 1548 515 ratione.

943 543 1008 584 Ab
1035 559 1077 584 rc·
1108 546 1213 596 ipsa]
1251 546 1308 583 Ab
1340 545 1421 598 ipso
1452 546 1631 594 negotio:

887 614 966 653 quo
1013 600 1165 640 fortass'e
1225 599 1366 640 diutius
1420 602 1629 655 impediar,

886 671 1002 710 quam
1029 669 1070 696 vt
1096 658 1229 711 poflim
1257 659 1407 697 circiter
1426 658 1511 697 idus
1535 660 1632 699 Sext.

885 714 932 753 ad
953 717 1127 754 Iconium
1148 714 1230 754 effe.

945 787 1085 826 Oneris
1112 786 1188 826 tihi
1208 788 1396 839 imponere
1420 800 1488 826 nec
1513 785 1634 827 audeo

887 842 1117 898 quiasquam]
1146 845 1239 882 Non
1265 844 1392 897 potuit
1419 857 1544 896 neque
1571 857 1635 882 ve-

888 899 1093 939 recundius
1120 910 1262 953 petere,
1291 914 1416 954 neque
1437 901 1637 940 vehemen-

890 959 974 996 tius.

947 1011 1069 1071 Q‘Od
1100 1024 1167 1054 tuo
1195 1012 1382 1054 commodo
1388 1014 1485 1067 fieri
1501 1012 1636 1067 poffit]

893 1072 950 1110 Dc
970 1072 1044 1108 hoc
1072 1068 1258 1123 loquendi
1290 1085 1400 1110 more
1429 1069 1515 1110 satis
1543 1072 1637 1110 dixi-

894 1141 978 1166 mus
1005 1126 1071 1167 lib.
1091 1139 1123 1167 1.
1152 1129 1254 1181 epist.
1273 1139 1305 1168 Ι.

951 1198 1096 1255 Magni
1114 1196 1293 1250 interest]
1351 1203 1423 1258 Vt⁸
1445 1197 1639 1252 colloque·

895 1265 1029 1294 rentur
1062 1254 1108 1293 de
1143 1257 1341 1308 Vtriusque
1377 1257 1556 1295 institutis
1595 1258 1638 1295 in

894 1311 1060 1361 regenda
1081 1314 1294 1365 prouincia,
1304 1313 1344 1350 in
1369 1314 1519 1365 quibuS‚
1533 1312 1640 1366 quod

895 1379 932 1408 et
952 1369 1023 1408 hae
1044 1369 1090 1407 ad
1111 1367 1232 1421 ipsum
1249 1370 1428 1421 Appium,
1460 1380 1498 1410 et
1518 1370 1563 1409 ad
1578 1373 1639 1409 At-

896 1428 1012 1464 ticum
1034 1424 1212 1478 epistolae
1225 1424 1429 1474 declarant,
1443 1441 1524 1466 non
1537 1425 1641 1468 idem

895 1493 1057 1535 vterque
1079 1481 1196 1521 senfit.

952 1554 992 1593 Si
1011 1551 1254 1608 quista-sus]
1286 1554 1437 1594 Retinet
1467 1555 1650 1596 modesti--

897 1624 958 1649 am
981 1609 1107 1648 suam:
1164 1609 1265 1663 quod
1302 1612 1405 1650 enim
1444 1612 1491 1661 de
1527 1614 1642 1666 Appii

899 1665 1098 1762 voitfintate
1125 1665 1355 1720 suspicatur,
1389 1667 1429 1708 id
1455 1671 1498 1708 in
1518 1669 1643 1709 casum

900 1738 971 1763 con
991 1733 1059 1763 ert.

932 1808 936 1812 ·
957 1793 1214 1850 Cotgsiabum]
1254 1795 1314 1834 Sic
1341 1792 1490 1835 locutus
1511 1796 1645 1851 episto-

901 1849 937 1890 la
956 1853 1142 1906 proxima.
1270 1868 1273 1870 ·

957 1922 1165 1976 Scaeuola]
1196 1923 1346 1962 Muciae
1366 1923 1488 1974 gentis
1507 1938 1646 1974 cogno·

900 1975 1011 2020 men?
1048 1980 1109 2019 hic
1141 1977 1204 2018 vel
1238 1980 1354 2034 Appii
1380 1978 1546 2029 legatus,
1583 1981 1645 2022 vel

903 2038 1079 2091 quaestor
1094 2038 1145 2078 fin
1165 2037 1364 2089 prouincia
1384 2035 1520 2076 fuerat.

933 2146 936 2150 ,
961 2108 1105 2148 Vellem
1138 2104 1311 2160 potutffit
1354 2116 1466 2147 ERN.
1491 2111 1602 2162 potui
1627 2125 1648 2149 e
1680 2133 1683 2135 ·

905 2161 1070 2220 obstequi]
1100 2165 1158 2202 Sic
1176 2164 1324 2216 antiqui
1363 2177 1498 2204 onmes
1531 2164 1648 2214 libri,

907 2236 986 2260 non
1010 2218 1207 2274 potuiffi²ts
1255 2218 1360 2272 quod
1399 2222 1451 2260 est
1508 2224 1550 2261 in
1578 2224 1648 2262 im-

907 2277 1047 2331 preffis.
1097 2275 1193 2316 nihil
1236 2276 1366 2325 igitur
1401 2279 1650 2328 mutandum,

908 2349 993 2373 eum
1023 2332 1118 2373 alibi
1152 2347 1312 2386 quoque
1338 2333 1384 2371 fic
1413 2333 1560 2375 locutus
1588 2339 1653 2376 Ci-

908 2405 998 2430 cero
1025 2392 1079 2430 fit.
1110 2399 1151 2428 vt
1173 2389 1242 2429 lib.
1259 2400 1299 2441 7.
1317 2389 1364 2429 ad
1380 2393 1491 2430 Λαὶς.
1501 2394 1604 2446 epist.
1619 2406 1650 2434 Ι.

916 2447 1064 2489 Vellem
1081 2461 1105 2486 a
1126 2447 1316 2499 principio
1339 2457 1378 2486 te
1396 2446 1538 2502 audiffi
1555 2452 1652 2490 ame·-

114 2506 247 2554 giones
295 2504 429 2542 Cicero
470 2500 550 2556 ipse
595 2503 639 2542 in
683 2501 855 2545 Ciliciam
912 2502 1047 2555 ciffime
1067 2513 1284 2543 monentem.
1307 2502 1470 2553 etlib.8.
1493 2506 1540 2545 ad
1562 2521 1654 2546 eun-

116 2561 319 2601 transiecit.

872 2585 877 2588 ν
913 2559 1000 2602 dem
1012 2560 1116 2615 epist.
1127 2571 1178 2599 11.
1214 2559 1358 2602 Vellem
1380 2571 1505 2605 tecum
1526 2564 1608 2622 fui(
1621 2580 1653 2604 e.

1417 2831 1657 2871 EPISTO-
