1863 3172
37 569 39 583 ¹
98 580 231 621 rosata
250 571 327 609 iam
355 567 455 609 effet.

300 119 370 159 IN
396 118 511 159 CIC.
538 115 733 156 EPIST.
757 115 894 155 ΕΔΜ.
923 113 1036 152 LIB.
1066 111 1152 152 VII.
1180 110 1456 150 EPISTNI.

98 229 209 284 saepe
226 227 387 277 dicatur,
415 240 550 268 omnes
572 240 729 271 norunt.
763 231 846 268 Nec

98 285 187 327 sane
209 285 338 332 video,
354 285 543 334 ῆ,ἐξῆλ9ον
566 291 684 333 sapam,
707 285 752 325 de
770 288 847 338 pri-

99 346 198 387 vatis
219 341 374 383 aedibus
396 343 623 395 accipiatur3
671 356 737 382 cur
766 356 846 380 mu-

99 400 213 443 lieres
227 398 454 438 ‘Corinthias
467 398 603 439 Medea
624 409 791 449 rogaret,
805 408 846 437 vt

100 459 170 513 fibi
207 454 460 506 ignoscerent,
498 458 587 508 quia
626 455 846 510 prodiiss'et5

99 526 187 556 cum
216 525 349 553 earum
379 514 549 560 nomine,
589 524 630 552 vt
656 513 842 566 prodiret,

514 573 611 623 Apte
631 583 725 609 vero
754 569 843 608 dici—

96 638 182 670 tur:
209 641 257 667 ne
276 626 371 665 mihi
391 627 490 666 vitio
520 625 636 676 detis,
666 626 768 680 quod
799 640 844 665 ex

98 687 222 740 patria
241 682 402 723 discessi:
432 682 609 736 quando,
644 685 745 722 idem
776 683 845 736 qui

99 740 238 789 fecere,
261 738 373 780 multi
387 738 551 788 gloriam
570 738 653 778 sunt
679 739 843 779 affecuti.

99 810 144 840 vt
163 800 324 839 verbum
344 797 482 844 σεμνές,
502 798 643 835 Ennius
671 798 843 842 verterit,

102 858 169 912 qui
197 869 275 895 rem
292 854 410 906 fitam
449 864 485 893 et
514 853 707 906 publicam
752 853 843 894 bene

93 909 258 971 gffre:
282 912 383 951 reete
402 909 578 950 fortafl'e:
607 925 691 950 cum
711 918 844 958 σεμνὸν,

101 982 177 1011 tam
199 969 245 1009 ad
265 963 427 1015 laudem,
445 981 559 1020 quam
579 967 625 1006 ad
645 967 841 1007 infamiam

100 1025 308 1067 referatur:
339 1037 377 1065 vt
399 1024 583 1078 exempla,
615 1039 693 1064 non
725 1024 843 1064 modo

102 1097 201 1138 quae
240 1081 370 1122 Suidas
407 1080 581 1131 collegit,
609 1097 744 1121 verum
770 1083 844 1121 alia

100 1154 256 1200 quoque
293 1154 373 1180 non
412 1153 531 1193 pauca
573 1138 843 1179 demonstrant.

103 1213 205 1245 nam,
225 1197 328 1250 quod
368 1198 407 1235 in
437 1197 508 1235 hoc
538 1196 620 1250 ipso
653 1196 844 1251 Euripidis

103 1254 205 1301 loco,
232 1254 380 1301 σεμνὲς,
401 1253 504 1292 idem
543 1253 674 1292 Suidas
702 1255 846 1307 accepit

103 1326 176 1367 pro
203 1311 432 1359 ὁπεςηφάνυς,
460 1309 499 1349 id
519 1312 582 1358 est,
602 1324 846 1361 arrogantes:

106 1367 299 1422 equidem,
325 1368 428 1421 quod
452 1366 498 1406 ad
529 1381 590 1406 me
619 1370 766 1416 attinet,
795 1367 846 1407 se-

104 1440 205 1481 quor
225 1423 404 1464 libentius
423 1437 592 1464 veterem
614 1436 765 1479 poetam
777 1427 848 1464 En-

104 1486 226 1530 nium,
247 1495 362 1535 quam
383 1484 636 1521 recentiorem
648 1485 846 1522 Gramma-

105 1543 221 1580 ticum
241 1537 415 1577 Suidam:
446 1553 530 1577 cum
549 1538 768 1592 praesertim
785 1540 847 1580 Ci-

107 1611 195 1636 cero
218 1597 356 1644 noster,
377 1597 444 1648 qui
462 1596 651 1648 Euripidis
673 1598 790 1636 verba
809 1606 847 1636 et

107 1654 238 1694 videre
260 1654 399 1706 potuit,
421 1664 468 1695 et,
481 1655 637 1706 opinor,
655 1653 766 1702 vidit,
778 1656 848 1693 En-

108 1713 164 1751 nii
182 1709 404 1750 sententIam
430 1711 665 1763 probauerit.

167 1782 278 1821 Nam
301 1781 412 1819 malti
431 1778 545 1833 suam
572 1795 651 1821 rem
679 1803 731 1813 —
749 1781 848 1833 sunt

107 1835 327 1891 improbari]
356 1839 442 1876 Duo
461 1837 644 1877 videntur
664 1837 737 1878 effe
765 1853 849 1878 ver·

108 1895 190 1935 sus:
219 1908 286 1933 nec
310 1908 448 1941 tamen,
469 1909 567 1948 quae
595 1894 770 1934 mensura
794 1896 848 1943 fit,

108 1962 276 2006 apparet.
304 1954 433 2004 itaque
449 1954 511 1991 vir
532 1954 631 1991 acuti
642 1954 786 2002 ingenii
797 1951 851 1991 di-

110 2007 375 2059 (tinguendum
403 2011 453 2047 ita
474 2008 646 2048 censuit:

167 2115 278 2127 -—
313 2095 421 2134 Nam
442 2096 553 2134 multi
564 2094 682 2145 suam

167 2167 261 2207 Rem
291 2165 379 2206 bene
402 2161 566 2222 geffire,
594 2175 634 2204 et
656 2163 853 2217 publicam

274 2225 409 2276 patria
432 2222 593 2274 procul:
760 2247 764 2250 -

167 2295 311 2340 Multi,
356 2295 457 2333 domi
483 2294 548 2346 qui
580 2301 744 2332 aetatem
772 2304 851 2343 ege-

276 2362 384 2398 runt,
398 2361 597 2402 prop-terea

165 2411 272 2462 Sunt·
287 2419 504 2474 improbati.

111 2508 153 2547 in
172 2521 251 2559 quo
270 2506 477 2554 assentirer,
496 2506 562 2544 nifi
583 2500 854 2543 viderem-scri-

113 2574 221 2618 ptum
242 2563 313 2602 effe
331 2566 370 2602 in
401 2565 580 2602 omnibus
611 2561 778 2611 antiquis
809 2556 852 2596 li-

111 2623 206 2668 bris,
237 2623 303 2676 qui
338 2620 440 2660 domi
478 2631 641 2658 aetatem
671 2627 851 2671 agerent,-

113 2692 208 2725 non,
247 2677 351 2717 domi
384 2679 449 2732 qui
479 2685 643 2714 aetatem
678 2682 849 2729 egerunt.

111 2737 241 2787 itaque
276 2744 422 2773 tentare
458 2731 590 2778 volui,
627 2744 675 2769 an
704 2727 777 2767 alia
807 2727 851 2766 fit

111 2789 367 2846 probabilior,
383 2789 424 2830 id
455 2791 505 2830 est
535 2789 582 2828 ab
614 2786 782 2839 antiquis
807 2782 852 2822 li·

1567 119 1652 162 445

901 227 981 265 bris
1000 225 1159 263 minime
1176 221 1647 272 diffentiens,distinguen-

903 282 942 321 di
964 283 1075 320 ratio.
1104 282 1270 319 occurrit
1288 291 1413 319 autem
1437 281 1548 319 haec:

963 352 1070 391 Nam
1097 352 1214 390 multi
1224 352 1343 400 fitam
1363 365 1442 390 rem
1461 351 1550 391 bene
1563 349 1648 408 gefi

1067 410 1088 459 J
1094 420 1164 453 ere,
1184 421 1219 446 et
1240 407 1433 457 publicam

959 465 1101 504 Patria
1115 464 1278 515 procul:
1303 466 1430 511 multi,
1450 466 1516 520 qui
1542 462 1650 504 dorm*

1067 530 1233 559 aetatem
1264 535 1347 572 age-

958 575 1073 623 Rent,
1087 587 1286 628 propterea
1307 578 1404 627 fimt
1427 575 1644 629 improbati.

901 647 1018 685 Primi
1039 644 1167 684 versus
1190 661 1252 700 pes
1266 645 1647 697 secimdus‚tifi1am,

901 702 1090 757 spondeus
1121 705 1185 751 est,
1214 719 1321 743 more
1348 704 1433 742 satis
1457 717 1565 750 noto,
1599 717 1648 743 ex

901 763 1130 809 tragicorum
1152 763 1465 813 comicorumque
1489 760 1648 799 consue-

899 818 1042 856 tudine.
1064 820 1104 855 in
1120 816 1283 857 secundo
1308 817 1416 858 versu
1438 828 1647 859 extremam

899 874 1076 919 syllabam
1115 875 1305 914 transfero
1342 876 1388 913 ad
1428 874 1644 914 mensuram

899 933 1024 974 tertii:
1055 932 1376 984 quemadmodum
1407 931 1502 971 dixit
1523 934 1648 981 Virgi-

898 987 971 1028 lius
991 987 1058 1027 lib.
1083 1000 1112 1028 1.
1133 992 1270 1039 Georg.
1299 1000 1443 1043 v.2<)5.

956 1064 1036 1100 Aut
1057 1058 1184 1100 dulcis
1201 1062 1314 1116 unisti
1340 1061 1513 1100 Vulcano
1546 1061 1647 1100 deco·

1070 1120 1155 1171 quit
1172 1117 1214 1156 he:
1221 1132 1374 1164 morem,

957 1173 1007 1213 Et
1013 1172 1127 1267 folaj's
1137 1173 1280 1216 undam
1289 1172 1434 1226 trepidi
1442 1171 1644 1229 despumat

1067 1244 1091 1268 a
1100 1243 1189 1269 aem.

902 1299 1082 1340 translata
1127 1300 1174 1339 ad
1220 1300 1438 1354 sequentem
1493 1299 1645 1340 versum

903 1361 1089 1411 postrema
1146 1358 1296 1404 syllaba.
1371 1370 1408 1397 et
1472 1356 1643 1398 Catullus

903 1429 1015 1454 carm.
1040 1427 1108 1468 40.

956 1487 1162 1544 Qmenam
1182 1497 1219 1525 te
1238 1486 1345 1525 mala
1371 1498 1488 1532 mens,
1524 1483 1651 1539 mifi’l·

1075 1545 1110 1582 le
1134 1541 1299 1589 Rauide,

959 1601 1053 1657 Agit
1082 1602 1334 1652 praecipitem
1360 1600 1400 1639 in
1429 1612 1524 1639 meos
1551 1600 1646 1639 iam-

1069 1655 1163 1696 bos?
1440 1673 1448 1680 ·

904 1730 948 1767 Et
983 1729 1167 1766 Horatius
1209 1724 1275 1766 lib.
1294 1736 1326 1767 ι.
1363 1724 1494 1768 Carm.
1520 1724 1584 1765 od.
1609 1737 1646 1767 2.

903 1800 940 1825 v.
955 1798 969 1826 1
981 1791 1015 1832 8.

962 1877 1074 1888 —--
1108 1857 1236 1912 Vagus
1266 1866 1304 1894 et
1313 1852 1482 1908 stng'stra

960 1913 1131 1954 Labitur
1149 1925 1235 1965 rtpa
1245 1913 1354 1963 (Ioue
1365 1925 1440 1950 non
1447 1908 1649 1962 probante)

1166 1970 1198 2010 V
1201 1971 1336 2009 xorius
1357 1970 1503 2006 amnis:

907 2070 992 2096 eum
1014 2058 1176 2110 primam
1197 2051 1388 2099 syllabam,
1403 2054 1449 2099 V,
1471 2051 1650 2093 transfer·

908 2116 941 2153 ri
960 2115 1101 2152 neceii'e
1118 2113 1160 2151 fit
1173 2111 1219 2149 ad
1231 2110 1465 2163 superiorem
1475 2107 1624 2148 versum
1639 2126 1648 2147 ι

909 2169 1015 2223 quod
1027 2168 1127 2222 apud
1140 2170 1303 2207 comicos
1314 2181 1355 2205 ac
1367 2169 1542 2216 tragicos,
1555 2179 1650 2218 quo·

908 2242 996 2267 ium
1027 2227 1078 2266 est
1113 2226 1239 2264 maior
1282 2223 1446 2270 licentia,
1473 2224 1648 2262 vlitatum

907 2284 1030 2331 fun-lb,
1050 2284 1178 2331 negari
1204 2295 1285 2319 non
1304 2281 1435 2334 potest.
1476 2282 1577 2319 Nam
1605 2278 1650 2318 il-

909 2340 974 2380 lud
994 2342 1035 2378 in
1055 2340 1191 2378 eodem
1209 2337 1333 2384 versu,
1361 2339 1428 2391 qui
1447 2336 1563 2384 domi,
1585 2335 1650 2375 da·

910 2397 1049 2444 ‹Sl-ylum
1069 2395 1154 2442 effe,
1175 2408 1303 2441 nemo,
1315 2396 1470 2446 opinor,
1479 2395 1650 2443 ignorat:

908 2452 994 2493 lic‘et
1014 2455 1054 2492 in
1084 2453 1220 2498 verbo,
1245 2453 1363 2496 dorm,
1390 2449 1548 2489 secunda
1582 2449 1651 2496 syl·

909 2510 996 2549 laba
1010 2509 1172 2564 produci
1193 2507 1320 2547 soleat.
1349 2508 1411 2545 hic
1432 2510 1533 2545 enim
1548 2506 1650 2546 idem

908 2568 1055 2614 accidit,
1083 2564 1188 2619 quod
1207 2567 1249 2605 in
1270 2563 1341 2604 illo
1359 2563 1511 2614 Virgilii
1531 2563 1598 2603 ecl.
1615 2571 1650 2613 8.

908 2639 943 2667 v.
967 2631 1056 2672 108.
1246 2639 1249 2641 ·

966 2708 1198 2750 Credimus?
1225 2723 1290 2757 an,
1309 2709 1378 2765 qui
1403 2718 1549 2754 amant,
1577 2705 1656 2762 ipsi

1065 2764 1149 2820 fibi
1156 2764 1313 2820 somnia
1324 2765 1516 2821 fingunt?

1570 2847 1649 2886 qu·
