1863 3172
246 206 248 208 ‚
312 124 515 191 mem.
541 149 728 189 EPIST.
768 139 903 188 PAM.
931 149 1039 189 Lm.
1074 147 1140 188 111.
1170 149 1355 197 EPIST.
1380 152 1465 192 vu.

106 271 191 305 nam
219 256 390 297 Valerius
416 259 507 299 duas
539 263 760 301 Camertum
791 260 842 301 le-

103 316 234 362 giones
255 330 275 354 a
293 317 336 354 C.
349 318 475 355 Mario
495 320 648 358 ciuitate
670 319 842 367 donatas,

102 369 322 411 Plutarchus
375 373 480 413 mille
538 377 729 415 Camertes
775 378 839 414 ait.

101 429 179 466 Iam
197 428 333 468 Caesar
352 427 417 469 lib.
432 443 467 482 3.
480 432 526 470 de
550 431 720 472 bechiu.
733 447 761 470 c.
777 437 841 482 88.

68 515 70 518 ,
101 484 198 523 ειιιιι’
220 485 385 525 dixiss'et:
427 489 593 530 cohortes
614 501 687 529 CX.
719 489 840 541 exple-

99 553 233 580 verat:
247 542 458 583 subiunxit:
481 546 569 586 hacc
588 557 700 585 erant
712 546 839 584 millia

104 609 215 638 XLV.
247 599 349 639 Idem
370 615 492 654 pugna
517 601 720 642 Pharsalica
733 616 844 654 quar-

100 664 177 694 tam
199 658 315 696 aciem
345 672 388 696 ex
420 659 478 698 sex
501 659 725 698 cohortibus
756 674 842 697 con-

102 713 237 753 stituit:
289 715 392 768 quod
430 715 647 755 Plutarchus
675 718 715 754 in
749 718 840 755 Cae·

101 767 182 808 sare
214 774 432 810 confirmat:
480 783 517 811 at
541 787 605 812 cos
633 768 742 812 fuisse
769 774 840 811 tria

99 824 232 876 millia,
255 839 292 867 et
314 829 413 868 idem
434 828 655 868 Plutarchus
675 832 715 868 in
734 832 842 869 Pom·

100 885 211 938 peio,
242 896 278 924 et
311 888 504 938 Arpi-anus
542 901 699 940 quoque
729 886 841 940 plane

99 947 239 981 narrat.
278 944 418 990 Postea,
439 957 479 981 re
498 944 653 982 militari
675 959 840 983 commu-

99 1007 197 1045 tata,
237 997 428 1038 sexcentos
467 1002 507 1039 in
541 1002 697 1040 cohorte
724 1002 839 1040 video

98 1053 227 1094 fuisse:
269 1069 354 1094 nam
377 1059 530 1096 Cincius
550 1058 650 1111 apud
672 1057 840 1098 Gellium

98 1111 165 1150 lib.
196 1115 253 1154 16.
283 1127 312 1151 c.
347 1126 386 1166 4.
417 1113 606 1164 legionem
639 1130 683 1154 ex
713 1127 842 1154 centu-

99 1170 167 1207 riis
198 1169 410 1220 sexaginta,
451 1173 674 1212 cohortibus
712 1172 841 1211 decem

102 1228 303 1269 constituit.

159 1284 223 1324 Ne
240 1285 396 1325 litteras
420 1285 569 1338 quidem
588 1286 716 1339 vllm]
741 1284 846 1324 Cum*

39 1338 46 1353 ⁸
101 1350 139 1381 te
164 1342 337 1395 quotidie
368 1342 646 1395 exspeeiarenu
695 1353 843 1382 tantum

102 1408 228 1438 tamen
249 1400 368 1446 abest,
388 1410 428 1438 vt
450 1399 528 1453 ipse
552 1401 716 1446 veneris,
733 1410 774 1437 vt
796 1413 843 1438 ne

102 1448 246 1495 litteras
271 1456 426 1510 quidem
457 1456 551 1496 vllas
580 1471 601 1496 a
631 1467 667 1496 te
697 1470 846 1508 accep&

103 1514 190 1553 rim.
232 1515 304 1552 Hic
332 1528 408 1552 non
441 1515 579 1562 video,
613 1528 680 1553 cur
704 1513 846 1552 mutari

103 1568 312 1624 quidquam
335 1569 477 1610 necesse
499 1573 549 1610 fit.

159 1628 439 1682 ancararmn]
469 1627 611 1668 Milites
628 1634 735 1664 erant
751 1639 846 1664 eme-

106 1684 195 1731 riti,
233 1682 359 1724 subito
389 1699 434 1723 ex
468 1687 567 1734 egris
599 1685 639 1722 in
668 1680 846 1722 militiam

106 1743 276 1780 euocati:
319 1756 416 1794 quos
452 1745 589 1782 Cicero
622 1754 667 1778 ex
699 1738 846 1778 senatus

107 1796 278 1837 consulto
302 1800 340 1837 in
363 1801 561 1851 prouincia
587 1806 847 1836 contraxerat:

108 1867 149 1894 vt
167 1853 232 1895 lib.
250 1866 307 1906 15.
329 1857 431 1908 epist.
441 1870 480 1908 4.
524 1856 738 1894 Crastinum
760 1867 851 1892 euo-

109 1923 233 1951 catum
258 1914 297 1951 in
325 1914 446 1966 prima
480 1915 559 1951 acie
591 1921 722 1950 contra
744 1912 851 1948 Pom-

109 1971 265 2023 peianos
325 1980 613 2022 procurrentem
677 1968 852 2005 nominat

108 2025 246 2065 Caesar
280 2024 345 2066 lib.
380 2040 413 2080 3.
442 2027 487 2066 de
506 2025 594 2065 bell.
624 2027 695 2064 ciu.
723 2038 753 2062 c.
784 2035 852 2076 91.

111 2084 297 2123 euocatos
315 2085 428 2124 etiam
449 2085 638 2123 Antonius
664 2081 796 2120 habuit
808 2083 852 2118 in

1558 162 1641 203 219

899 264 1101 301 Mutinensi
1124 265 1340 311 certamine,
1361 262 1427 304 lib.
1445 276 1503 305 10.
1535 266 1639 317 epist.

903 331 966 371 30.
999 322 1305 368 ctOffluimms,
1338 322 1415 360 Dio
1438 320 1502 360 lib.
1515 331 1582 374 45.

954 376 1157 426 cohortes]
1204 381 1307 425 Quas
1334 378 1456 418 secum
1473 377 1477 387 ’
1496 380 1640 432 Appius

898 432 1073 471 habebat.
1109 448 1193 471 nam
1223 438 1407 474 exercitus
1439 433 1639 474 vniuersus

898 499 978 528 erat
997 491 1035 526 in
1060 492 1258 536 Lycaonia,
1289 493 1389 531 vnde
1409 491 1532 531 abesse
1545 492 1640 530 dixit

901 557 976 584 tres
995 545 1170 584 cohortes
1195 549 1295 600 epist.
1322 560 1375 600 15.

955 603 1123 655 Aliquid
1144 606 1285 656 negotii
1304 605 1472 658 gerere]
1495 607 1642 645 Contra

900 658 1149 712 sempiternos
1206 660 1328 700 hostes
1379 661 1641 701 Amanienses.

900 715 966 755 lib.
994 729 1028 756 2.
1059 718 1161 768 epist.
1187 729 1241 757 10.
1263 729 1299 756 et
1319 717 1383 757 lib.
1405 730 1460 770 15.
1480 720 1583 771 epist.
1603 733 1640 773 4.

900 784 937 812 et
961 773 1025 813 lib.
1052 786 1088 825 5.
1105 773 1151 811 ad
1172 777 1282 814 Attic.
1309 777 1410 828 epist.
1434 788 1501 816 20.

953 831 1125 870 Litterae
1141 831 1258 884 tuae]
1291 834 1333 871 In
1358 833 1511 885 quibus,
1531 846 1642 885 cupe-

898 901 939 925 re
960 886 998 926 se
1023 900 1108 925 cum
1128 889 1316 927 Cicerone
1342 888 1641 939 congredi‚scri-

897 943 1020 998 pserat
1040 946 1197 997 AppiuS.

954 1001 1093 1053 Secus]
1130 1001 1254 1048 Male,
1284 1001 1385 1041 secus
1418 1017 1459 1041 ac
1490 1000 1642 1042 vellem.

897 1059 943 1097 fic
963 1059 1095 1105 aliter,
1124 1058 1367 1111 vsurpabant‚
1386 1071 1426 1099 vt
1446 1059 1512 1100 lib.
1535 1073 1571 1100 2.
1596 1059 1643 1098 de

898 1113 1047 1167 republ.
1098 1116 1197 1169 apud
1237 1119 1427 1164 Nouium,
1482 1131 1566 1156 cum
1590 1115 1646 1156 ad

895 1173 1032 1211 vistlam
1050 1167 1200 1228 veiaffi’t
1212 1204 1221 1222 ,
1240 1184 1277 1213 et
1297 1176 1424 1214 omnia
1443 1174 1565 1214 aliter
1589 1173 1644 1228 ofl

888 1225 1084 1283 jbndf'ffi’t.

957 1285 1072 1338 Loci]
1115 1287 1338 1340 Occasionis.

956 1342 1199 1397 Currcxeris]
1220 1342 1359 1396 Aliquo
1378 1344 1418 1381 in
1430 1351 1493 1381 me
1503 1342 1642 1382 officio.

956 1398 1076 1437 Salem
1096 1400 1200 1454 lege]
1233 1404 1340 1448 Qiae
1361 1399 1459 1439 vltra
1480 1399 1558 1439 dies
1581 1402 1645 1439 tri-

901 1455 1027 1505 ginta,
1060 1457 1142 1507 post
1169 1456 1382 1496 successoris
1422 1456 1644 1504 aduentum,

903 1525 983 1551 non
1004 1514 1247 1564 permittebat
1270 1516 1311 1552 in
1338 1516 1538 1567 prouincia
1561 1528 1644 1568 per-

888 1582 1070 1626 ‚manera

960 1626 1094 1665 Pridie
1125 1626 1216 1667 Kal.
1245 1628 1379 1684 Sext.]
1413 1631 1471 1668 Sic
1499 1629 1565 1670 lib.
1590 1645 1664 1684 15.⁴

904 1684 1007 1736 epist.
1027 1695 1065 1724 2.
1096 1696 1138 1736 4.
1187 1695 1223 1723 et
1268 1684 1334 1725 lib.
1356 1698 1392 1737 5.
1439 1686 1487 1726 ad
1529 1691 1645 1728 Attic.

904 1740 1007 1793 epist.
1030 1742 1086 1782 16.

961 1798 1005 1834 In
1028 1795 1230 1851 Ciliciam]
1261 1799 1293 1835 A
1313 1798 1501 1841 Laodicea
1521 1802 1561 1840 in
1582 1802 1647 1842 Ci-

906 1851 1043 1891 liciam.
1076 1851 1143 1892 lib.
1173 1865 1228 1906 ¹5·
1251 1855 1355 1907 epist.
1368 1870 1408 1910 4.

963 1909 1039 1948 Per
1060 1907 1364 1967 Cappadociam]
1397 1917 1497 1954 Nam
1519 1924 1556 1953 et
1574 1913 1649 1954 alia

907 1977 1009 2013 erat,
1045 1971 1166 2018 ea'que
1192 1967 1380 2017 breuior,
1406 1973 1446 2010 in
1472 1970 1654 2011 Ciliciam*

906 2025 991 2061 via:
1027 2037 1141 2076 quam
1169 2038 1236 2062 cur
1264 2026 1461 2077 omiserit,
1491 2030 1649 2081 exponit

906 2078 973 2118 lib.
1002 2091 1056 2134 15.
1080 2081 1182 2134 epist.
1209 2094 1251 2134 4.

570 2195 1062 2234 EPISTOLAE
1120 2194 1206 2232 VII.

460 2287 846 2333 ARGVM

279 2337 290 2354 ἱ

888 2285 1104 2357 ΕΟΝΤ
1141 2283 1288 2352 vsM.

228 2384 434 2441 ‚Qqe'relam
452 2385 565 2437 Appii
583 2383 751 2436 refellit.-
780 2386 986 2436 Contraque
1016 2381 1094 2434 ipsi·
1122 2385 1314 2434 queritur,
1332 2391 1369 2420 et
1391 2382 1546 2444 efftollit
1576 2386 1662 2442 vir-'y

116 2450 234 2481 tutem
257 2452 388 2480 contra
409 2443 558 2480 inanem
582 2443 845 2494 arrogantiam
865 2440 1101 2480 nobilitatis:
1118 2439 1164 2491 fi
1182 2449 1310 2479 tamen
1327 2439 1362 2478 ei
1381 2440 1473 2491 sore
1504 2442 1654 2481 ataicis·

108 2496 244 2551 fimum
269 2496 479 2550 confirmat.

594 2585 1176 2647 EXPLANATIQ.

121 2689 283 2765 Cicero
314 2686 437 2740 imp.]
485 2687 542 2725 Sic
571 2688 621 2724 est
657 2679 876 2725 inscriben?

710 2743 863 2794 'Scripsit
917 2741 1120 2797 confeffis,
1139 2744 1178 2782 id
1207 2747 1271 2791 est,
1300 2746 1582 2783 Amanienfibns
1605 2748 1660 2783 vi·

207 2743 296 2798 dum
309 2771 320 2790 ‚
366 2757 443 2781 non
455 2772 467 2790 ,
493 2752 635 2794 procos.

915 2684 1146 2727 Laodiceae:
1173 2701 1251 2740 quo
1272 2687 1308 2727 se
1329 2686 1491 2727 contulit
1506 2690 1657 2727 aestiuis

120 2803 255 2857 enirn,k
278 2811 320 2840 vt
338 2799 415 2854 ipse
433 2801 508 2846 ait,
536 2800 631 2839 hanc
669 2797 864 2852 epistolam
919 2807 1002 2852 etis,
1020 2816 1094 2857 qua
1115 2803 1277 2842 victoria
1302 2803 1510 2854 imperator
1536 2801 1662 2854 appel-

1563 2858 1661 2897 latus
