1863 3172
293 77 366 122 IN
394 77 512 118 cxc:
533 75 727 118 EPIST.
766 76 904 120 ἘΛΜ.
944 75 1058 120 LIB.
1081 77 1112 118 1.
1148 78 1336 122 EPIST.
1366 81 1399 123 1.

9 236 22 244 χ
75 191 256 246 patricios
267 193 390 233 veteri
399 190 481 243 lege
490 190 597 234 simul
607 191 680 232 ess‘e
691 190 825 232 eonsu-

76 248 131 290 les
144 263 222 288 non
237 248 398 302 potuisse
411 251 649 300 cognouerit.
661 253 744 290 Hoc
753 264 822 289 no-

77 320 166 348 men
183 320 204 345 a
223 304 343 346 Tullo
360 311 630 361 praenomine,
652 321 730 361 quo
753 321 819 347 rex

75 361 262 404 Hostilius
294 361 380 402 vsus
407 367 472 412 est,
490 364 705 405 deriuatum
725 379 820 404 non·

78 417 177 459 nulli
197 418 403 461 credidere.
441 423 644 462 Cicerones
680 421 771 462 dieti
798 435 820 460 a

9 529 12 532 ἢ
79 478 199 517 cicere
213 475 386 525 serenda,
397 491 437 519 vt
448 479 599 519 Lentuli
611 492 632 518 a
642 477 821 526 lente,Fa-

77 533 331 582 biiafaba‚vt
343 536 395 574 ait
416 535 556 576 Plinius
575 535 641 576 lib.
658 543 721 585 18.
740 549 770 574 e.
785 547 820 589 3.

83 604 317 644 quamquam
335 590 541 633 Priscianus
575 592 688 635 lib.2.
710 593 823 632 tradi-

83 647 154 695 dit,
176 650 243 699 qui
266 651 410 702 primus
435 652 572 690 Cicero
606 650 728 690 dietus
761 652 826 697 est,

83 719 175 745 eum
196 707 242 745 ab
271 706 402 745 habitu
428 707 538 747 faciei
566 709 618 748 ita
653 710 826 746 nomina-

86 773 197 809 tum;
225 773 275 810 et,
313 762 419 816 quod
451 779 640 815 agnomen
677 766 718 803 in
756 763 825 805 illo

85 818 174 868 fuit,
192 833 402 869 cognomen
435 822 475 861 in
506 823 663 876 posteris
697 820 827 862 fuiffe:

87 875 273 924 similiter,
294 876 443 926 Caesar,
463 881 603 933 Scipio,
636 893 734 932 quae
753 881 829 934 pri-

88 948 196 973 mum
216 937 418 983 agnomina
438 935 558 985 fuere,
573 938 615 975 in
635 938 828 986 cognomi-

89 1005 141 1045 na
164 990 339 1031 transsss'e.

146 1049 189 1088 P.
219 1047 401 1099 Lentulo]
463 1048 667 1090 Corneliae
705 1050 827 1100 gentis

118 1107 285 1146 aniciae.
323 1119 410 1144 nam
435 1116 472 1145 et
497 1106 669 1147 Cornelii
687 1107 828 1162 plebeii

138 1176 214 1210 ere,
253 1173 293 1201 vt
322 1160 387 1201 ille
421 1164 465 1202 C.
496 1163 717 1212 Cornelius,
748 1166 830 1218 qui,

92 1221 176 1276 post
199 1221 434 1260 tribunatum
454 1219 588 1273 plebis,
609 1235 629 1261 a
642 1224 829 1262 Cicerone

67 1284 71 1288 ’
95 1275 268 1317 defensus
291 1277 364 1315 est:
407 1287 444 1315 et
473 1280 509 1317 Ρ.
538 1278 740 1318 Cornelius
767 1281 833 1319 tri-

95 1335 221 1376 bunus
245 1331 366 1387 plebis
391 1331 456 1372 lib.
470 1340 509 1383 8.
529 1337 630 1389 epist.
647 1342 684 1383 8.
707 1346 744 1375 et
769 1349 832 1389 pa·

97 1392 199 1433 tricii
219 1390 497 1440 distinguuntur
508 1406 528 1430 a
540 1391 699 1447 plebeiis
717 1392 782 1432 lib.
794 1406 833 1435 2.

100 1448 149 1487 de
175 1450 264 1498 ch.
302 1460 410 1491 c.22.
494 1449 605 1490 Sulla
634 1451 785 1504 primus
818 1463 838 1489 e

95 1507 277 1561 patriciis
302 1502 486 1545 Corneliis
510 1508 592 1562 igni
609 1507 730 1547 voluit
759 1521 839 1548 cre-

101 1563 217 1603 mari.
263 1565 326 1601 'Ex
345 1560 423 1615 ipsa
442 1572 569 1602 autem
593 1574 702 1614 gente
721 1565 837 1618 patri-

103 1621 161 1658 cia
181 1619 395 1672 profluxere
414 1617 580 1659 familiae
601 1619 757 1670 multae,
783 1620 835 1660 di-

103 1677 218 1717 verne
239 1676 431 1715 distinetae
462 1679 775 1727 cognominibus,
797 1687 839 1717 vt

104 1731 399 1784 Maluginenses‚
430 1734 543 1781 Coffi,
572 1736 672 1783 Rufi,
700 1736 840 1789 Scipio·

105 1804 188 1839 nen,
229 1789 434 1837 Blafiones,
482 1790 620 1840 Sullae,
656 1791 842 1839 Merulae,

104 1846 274 1895 Lentuli,
289 1848 461 1896 Cethegi,
484 1848 647 1896 Cinnae,
664 1847 843 1890 Dolabel-

106 1905 189 1946 lae:
217 1906 284 1958 qui
309 1919 393 1943 cum
422 1902 538 1945 effent
561 1905 728 1946 eiusdem
755 1920 845 1958 gen·

109 1964 174 2010 tit,
203 1960 371 2001 eiusdem
403 1971 529 2002 tamen
568 1962 736 2015 familiae
764 1978 845 2003 non

112 2029 241 2059 erant:
271 2028 312 2058 vt
332 2020 371 2057 in
397 2017 556 2059 Claudia
584 2030 696 2070 gente
721 2023 847 2062 Nero·

113 2091 192 2122 nes,
212 2086 248 2114 et
268 2073 438 2124 Pulchri,
469 2078 640 2130 patricii3
681 2088 720 2118 at
747 2080 849 2118 Mar-

113 2131 212 2180 celli,
229 2131 393 2185 plebeii;
415 2136 482 2189 qui
504 2149 634 2174 omnes
653 2137 851 2185 reete-gen·

114 2189 200 2230 tiles
239 2188 430 2237 dicuntur,
470 2191 638 2231 eiusdem
684 2191 852 2232 familiae

115 2261 196 2286 non
216 2248 338 2286 reete:
367 2246 470 2299 quod
484 2248 563 2303 ipsa
580 2251 854 2298 cognominum

114 2305 278 2343 varietas
307 2302 480 2343 declarat.
564 2308 637 2345 Hic
671 2305 854 2346 Lentulus

117 2362 295 2400 eximiam
315 2362 356 2399 in
386 2360 580 2402 aedilitate
602 2361 855 2410 liberalitatis,

119 2430 159 2457 et
189 2419 488 2466 magnificentiae
527 2418 676 2459 laudem
714 2422 765 2459 est
792 2419 857 2460 ad»

120 2484 252 2528 eptus:
280 2473 379 2514 vnde
398 2473 493 2514 illud
513 2477 616 2530 epist.
627 2486 665 2529 7.
701 2478 858 2534 Ilfagna

121 2530 173 2584 est
190 2531 381 2571 hominum
407 2534 531 2584 opinio
559 2532 606 2572 de
630 2543 687 2580 te,
716 2547 857 2590 magna

122 2589 396 2627 commendatio
423 2587 676 2630 liberalitatis
726 2593 770 2629 Et
790 2590 856 2631 lib.

125 2657 164 2686 2.
189 2643 235 2683 de
259 2643 366 2683 offic.
385 2659 414 2683 c.
430 2648 493 2688 16.
522 2646 661 2686 Omnes
688 2647 735 2687 P.
762 2648 857 2688 Len-

123 2701 240 2747 tulus,
268 2715 325 2740 me
342 2701 500 2751 consule,
532 2705 627 2742 vicit
634 2703 861 2755 staperioret.

128 2760 172 2797 Et
186 2755 358 2797 Valerius
379 2759 481 2798 Max.
506 2757 623 2801 lib.2.
641 2775 668 2799 e.
679 2772 719 2812 4.
750 2761 863 2802 Clau-

876 190 966 233 dim
986 191 1146 233 Pulcher
1156 195 1316 247 scenam
1334 196 1531 238 varietate
1558 211 1617 238 co·

876 250 1002 290 lorum
1020 249 1280 301 adumbrauit,
1302 256 1432 294 vacuis
1451 266 1543 295 ante
1556 257 1618 309 pi-

876 306 1025 347 {luram
1056 303 1200 349 tabulis
1233 322 1432 365 artemam
1447 327 1460 349 .-
1501 324 1616 368 quom

872 374 995 404 totam
1023 376 1181 421 argento
1215 367 1252 406 C.
1284 371 1491 417 Antonius,
1521 383 1619 411 auro

876 422 1062 469 Petreius,
1083 421 1189 462 ebore
1207 426 1263 480 Ω
1283 425 1444 466 Catulus
1464 437 1615 478 praete·

876 480 961 518 xit:
1000 479 1216 528 versatilem
1238 482 1420 534 fecerunt
1449 485 1616 534 Luculli,

877 537 1095 587 argentatis
1130 537 1320 590 choragiis
1360 542 1401 580 Ρ.
1429 541 1618 582 Lentulus

880 592 1058 644 Spinther
1079 590 1297 634 adornauit.
1381 598 1620 638 Numeratur

880 650 981 687 inter
1001 661 1174 689 oratores
1195 652 1234 689 in
1259 654 1378 692 Bruto
1406 668 1435 692 c.
1455 666 1524 707 77.
1558 657 1617 694 hi·

880 707 1028 746 verbis:
1055 706 1214 748 Publius
1233 709 1311 759 ille,
1325 710 1542 763 nostrarum
1563 715 1620 752 in-

881 765 1079 803 iuriarum
1127 765 1247 814 vltor,
1292 767 1427 808 attflor
1458 768 1619 820 salutis,

881 819 1073 875 quidquid
1095 820 1250 870 habuit,
1277 835 1622 883 quantumcumque

873 877 974 930 ficit,
987 878 1088 918 illud
1097 889 1218 919 totum
1234 879 1368 922 habuit
1385 896 1435 922 ex
1451 880 1624 936 discipli-

881 949 932 974 na
946 951 960 972 .·
983 933 1236 988 instrumenta
1255 949 1420 979 naturae
1436 938 1623 982 deerant.-

871 990 949 1044 1[ξἰί
987 1002 1121 1032 tantus
1172 995 1294 1034 animi
1325 994 1531 1048 splendor,
1583 1007 1625 1038 et

883 1059 999 1090 tanta
1026 1049 1272 1106 magnitudo,
1308 1062 1353 1091 vt
1365 1098 1371 1104 ι
1375 1052 1453 1104 fi'bi
1481 1055 1622 1103 omnia,

883 1121 979 1163 quae
997 1105 1188 1146 clarorum
1215 1104 1387 1148 virorum
1411 1107 1534 1164 essent,
1549 1125 1625 1152 non

884 1162 1080 1203 dubitaret
1124 1162 1342 1216 adsi-fiere,
1377 1181 1494 1222 eaque
1523 1171 1628 1210 omni

885 1218 1078 1275 dignitate
1112 1219 1315 1261 obtineret.=
1397 1225 1634 1273 Cognomen'

889 1276 1113 1331 Spintheris,
1136 1287 1177 1317 vt
1198 1277 1371 1318 valerius
1389 1282 1490 1321 Max.
1509 1281 1574 1322 lib.
1584 1295 1626 1337 9.

889 1348 919 1377 c.
936 1344 998 1385 15.
1023 1332 1146 1381 docet,
1174 1347 1197 1373 a
1224 1335 1389 1388 quodam
1409 1337 1630 1381 asseclarum

890 1392 1043 1445 accepit.
1071 1390 1213 1430 Plinius
1226 1390 1353 1435 autem
1377 1393 1493 1448 lib.7.
1516 1412 1544 1437 c.
1560 1408 1626 1439 12.

890 1462 978 1488 eum
998 1448 1234 1501 Spintherem
1267 1448 1514 1494 secundarum
1544 1467 1631 1508 pat-⁴

892 1507 987 1545 tium
1008 1505 1228 1545 histrionem
1258 1508 1381 1548 vocan
1449 1509 1632 1551 Afimssi·

859 1601 862 1605 ,
892 1562 1024 1602 tudine
1045 1573 1143 1602 certe
1159 1577 1368 1614 cognomen
1399 1566 1473 1606 hoc
1500 1579 1634 1609 ortum

894 1621 954 1660 est.
995 1633 1081 1658 narn
1107 1620 1389 1668 Quinffllianuc
1417 1623 1483 1664 lib.
1495 1624 1534 1666 6.
1549 1639 1578 1666 e.
1594 1637 1632 1679 3.

895 1676 942 1716 de
956 1675 1045 1724 risu,
1068 1679 1234 1726 acriora,
1265 1680 1414 1732 inquit,
1438 1681 1563 1734 fint,
1596 1692 1636 1724 et

895 1735 1147 1790 elegantiora,
1164 1748 1261 1790 quae.
1277 1736 1492 1778 trahuntur
1519 1753 1573 1779 ex
1592 1740 1637 1783 vi
1699 1763 1702 1770 Δ

896 1804 1037 1831 rerum.
1065 1791 1114 1831 In
1131 1791 1188 1831 his
1205 1794 1374 1833 maxime
1402 1796 1509 1835 valet
1519 1794 1638 1848 fimi-

895 1848 1029 1896 litudo,
1045 1846 1099 1902 si
1121 1858 1250 1889 tamen
1276 1847 1332 1889 ad
1356 1842 1516 1907 aliquid
1540 1855 1635 1904 infe-

898 1906 994 1951 rius,
1010 1905 1204 1960 leuiusque
1213 1905 1413 1956 referatur
1421 1924 1435 1946 .·
1462 1923 1538 1965 qua
1556 1911 1636 1949 iam

899 1972 1047 2002 veteres
1071 1961 1134 2002 illi
1158 1963 1398 2013 iocabantur,
1417 1969 1480 2022 qui
1498 1967 1639 2005 Lentu-

900 2018 979 2059 lum
990 2018 1239 2071 Spintherem,
1257 2031 1296 2060 et
1316 2020 1522 2074 Scipionem
1531 2023 1639 2063 Sera·

902 2077 1058 2130 pionem
1067 2073 1131 2128 else
1140 2074 1337 2116 dixerunt.
1376 2128 1383 2132 ,
1398 2080 1639 2133 Spintherem

904 2144 1031 2172 tamen
1043 2132 1181 2171 Cicero
1203 2146 1410 2186 numquam
1430 2133 1639 2176 Lentulum

904 2187 1082 2243 appellat,
1109 2190 1261 2243 opinor,
1290 2193 1378 2243 quia
1411 2194 1644 2241 contumelia

905 2247 1113 2294 videretur.
1199 2247 1348 2297 Caesar,
1374 2250 1421 2289 ab
1442 2264 1489 2290 eo
1510 2249 1644 2300 laesus,

910 2305 1014 2357 quia'
1048 2302 1122 2342 fuit
1157 2304 1197 2342 in
1232 2306 1423 2358 praesidiis
1459 2309 1646 2361 Pompeii,

910 2360 1147 2414 Spintherem
1185 2372 1295 2402 vocat
1332 2362 1449 2407 lib.1.
1484 2365 1531 2403 de
1556 2363 1647 2406 bell.

912 2420 984 2456 eiu.
1012 2432 1042 2456 c.
1065 2429 1129 2470 15.
1145 2430 1212 2459 22.
1233 2431 1300 2472 23.
1331 2421 1424 2460 item
1455 2420 1646 2461 Sallustiu-

912 2476 952 2515 in
981 2475 1260 2515 Coniuratione
1296 2476 1481 2518 Catilinae
1521 2493 1551 2517 c.
1585 2486 1652 2532 48.

912 2542 1059 2572 veteres
1098 2541 1224 2572 tamen
1260 2537 1428 2582 nummi,
1463 2537 1653 2589 Spinther,

913 2589 1065 2627 habent.
1124 2591 1208 2628 Hoc
1231 2591 1278 2630 ad
1297 2590 1416 2631 filium
1430 2594 1509 2637 eius
1531 2603 1653 2632 trans·

912 2644 993 2684 iisse
1035 2657 1269 2696 cognomen,
1306 2644 1441 2688 Cicero
1488 2649 1652 2691 ostendit

918 2701 986 2741 lib.
1000 2713 1064 2743 12.
1083 2700 1130 2740 ad
1147 2706 1255 2743 Attic.
1268 2707 1370 2758 epist.
1385 2717 1447 2757 52.
1462 2705 1575 2747 etlib.
1591 2718 1655 2758 13.

918 2758 966 2799 ad
978 2757 1140 2812 cundem
1152 2762 1254 2816 epist.
1272 2773 1334 2811 ιο.
1345 2764 1538 2815 Appianas
1547 2762 1613 2803 lib.
1622 2775 1657 2815 3.

976 2815 1007 2853 A
1035 2827 1056 2871 5
1609 2818 1658 2860 de
