<?xml version="1.0" encoding="UTF-8"?>
<!DOCTYPE html PUBLIC "-//W3C//DTD XHTML 1.0 Transitional//EN"
    "http://www.w3.org/TR/xhtml1/DTD/xhtml1-transitional.dtd">
<html xmlns="http://www.w3.org/1999/xhtml" xml:lang="en" lang="en">
 <head>
  <title>
</title>
<meta http-equiv="Content-Type" content="text/html;charset=utf-8" />
  <meta name='ocr-system' content='tesseract 3.04.00' />
  <meta name='ocr-capabilities' content='ocr_page ocr_carea ocr_par ocr_line ocrx_word'/>
</head>
<body>
  <div class='ocr_page' id='page_1' title='image "./commentariusinmt01manuuoft_0199.png"; bbox 0 0 1863 3172; ppageno 0'>
   <div class='ocr_carea' id='block_1_1' title="bbox 0 440 2 1160">
    <p class='ocr_par' dir='ltr' id='par_1_1' title="bbox 0 440 2 1160">
     <span class='ocr_line' id='line_1_1' title="bbox 0 440 2 1160; baseline 0 0"><span class='ocrx_word' id='word_1_1' title='bbox 0 440 2 1160; x_wconf 95' lang='lat' dir='ltr'> </span> 
     </span>
    </p>
   </div>
   <div class='ocr_carea' id='block_1_2' title="bbox 264 96 1472 157">
    <p class='ocr_par' dir='ltr' id='par_1_2' title="bbox 264 96 1472 157">
     <span class='ocr_line' id='line_1_2' title="bbox 264 96 1472 157; baseline 0 0"><span class='ocrx_word' id='word_1_2' title='bbox 264 113 333 157; x_wconf 79' lang='lat' dir='ltr'>IN</span> <span class='ocrx_word' id='word_1_3' title='bbox 361 114 1070 156; x_wconf 81' lang='lat' dir='ltr'>CIC.EPIST.FAM.LIB.11..</span> <span class='ocrx_word' id='word_1_4' title='bbox 1104 115 1294 156; x_wconf 75' lang='lat' dir='ltr'>EPIST.</span> <span class='ocrx_word' id='word_1_5' title='bbox 1324 117 1404 157; x_wconf 87' lang='lat' dir='ltr'>xv.</span> <span class='ocrx_word' id='word_1_6' title='bbox 1469 96 1472 101; x_wconf 80' lang='grc'><strong>’</strong></span> 
     </span>
    </p>
   </div>
   <div class='ocr_carea' id='block_1_3' title="bbox 79 224 829 835">
    <p class='ocr_par' dir='ltr' id='par_1_3' title="bbox 79 224 829 835">
     <span class='ocr_line' id='line_1_3' title="bbox 84 224 829 283; baseline 0 -17"><span class='ocrx_word' id='word_1_7' title='bbox 84 236 167 274; x_wconf 80' lang='lat' dir='ltr'>aut,</span> <span class='ocrx_word' id='word_1_8' title='bbox 180 224 356 280; x_wconf 66' lang='lat' dir='ltr'>spet‘iare,</span> <span class='ocrx_word' id='word_1_9' title='bbox 371 228 436 266; x_wconf 76' lang='lat' dir='ltr'>nist</span> <span class='ocrx_word' id='word_1_10' title='bbox 457 230 525 281; x_wconf 89' lang='lat' dir='ltr'>qni</span> <span class='ocrx_word' id='word_1_11' title='bbox 545 228 698 283; x_wconf 86' lang='lat' dir='ltr'>prorsus</span> <span class='ocrx_word' id='word_1_12' title='bbox 718 230 757 267; x_wconf 88' lang='lat' dir='ltr'>in</span> <span class='ocrx_word' id='word_1_13' title='bbox 771 227 829 266; x_wconf 92' lang='lat' dir='ltr'>lit-</span> 
     </span>
     <span class='ocr_line' id='line_1_4' title="bbox 83 284 828 331; baseline 0.001 -9"><span class='ocrx_word' id='word_1_14' title='bbox 83 284 175 322; x_wconf 84' lang='lat' dir='ltr'>teris</span> <span class='ocrx_word' id='word_1_15' title='bbox 201 285 297 321; x_wconf 87' lang='lat' dir='ltr'>caeci</span> <span class='ocrx_word' id='word_1_16' title='bbox 328 284 417 331; x_wconf 73' lang='lat' dir='ltr'>lint,</span> <span class='ocrx_word' id='word_1_17' title='bbox 446 299 578 324; x_wconf 87' lang='lat' dir='ltr'>omnes</span> <span class='ocrx_word' id='word_1_18' title='bbox 603 285 746 326; x_wconf 88' lang='lat' dir='ltr'>vident.</span> <span class='ocrx_word' id='word_1_19' title='bbox 777 286 828 324; x_wconf 89' lang='lat' dir='ltr'>est</span> 
     </span>
     <span class='ocr_line' id='line_1_5' title="bbox 81 339 828 395; baseline 0.003 -17"><span class='ocrx_word' id='word_1_20' title='bbox 81 352 207 379; x_wconf 85' lang='lat' dir='ltr'>autem</span> <span class='ocrx_word' id='word_1_21' title='bbox 226 339 345 379; x_wconf 87' lang='lat' dir='ltr'>ordo:</span> <span class='ocrx_word' id='word_1_22' title='bbox 375 339 473 388; x_wconf 74' lang='lat' dir='ltr'>scio,</span> <span class='ocrx_word' id='word_1_23' title='bbox 500 344 559 380; x_wconf 90' lang='lat' dir='ltr'>cui</span> <span class='ocrx_word' id='word_1_24' title='bbox 585 354 672 381; x_wconf 81' lang='lat' dir='ltr'>tuae</span> <span class='ocrx_word' id='word_1_25' title='bbox 694 343 828 395; x_wconf 86' lang='lat' dir='ltr'>episto-</span> 
     </span>
     <span class='ocr_line' id='line_1_6' title="bbox 82 395 824 452; baseline -0.001 -16"><span class='ocrx_word' id='word_1_26' title='bbox 82 395 141 436; x_wconf 90' lang='lat' dir='ltr'>lae</span> <span class='ocrx_word' id='word_1_27' title='bbox 188 395 441 449; x_wconf 82' lang='lat' dir='ltr'>respondeant</span> <span class='ocrx_word' id='word_1_28' title='bbox 482 413 538 446; x_wconf 89' lang='lat' dir='ltr'>ea,</span> <span class='ocrx_word' id='word_1_29' title='bbox 568 413 665 452; x_wconf 88' lang='lat' dir='ltr'>quae</span> <span class='ocrx_word' id='word_1_30' title='bbox 696 398 824 438; x_wconf 86' lang='lat' dir='ltr'>scribis</span> 
     </span>
     <span class='ocr_line' id='line_1_7' title="bbox 82 451 826 509; baseline 0 -16"><span class='ocrx_word' id='word_1_31' title='bbox 82 451 242 493; x_wconf 84' lang='lat' dir='ltr'>Tulliae</span> <span class='ocrx_word' id='word_1_32' title='bbox 265 467 371 492; x_wconf 84' lang='lat' dir='ltr'>meae</span> <span class='ocrx_word' id='word_1_33' title='bbox 398 455 600 508; x_wconf 83' lang='lat' dir='ltr'>prudentia</span> <span class='ocrx_word' id='word_1_34' title='bbox 621 456 826 509; x_wconf 85' lang='lat' dir='ltr'>temperari</span> 
     </span>
     <span class='ocr_line' id='line_1_8' title="bbox 80 508 825 565; baseline 0.003 -17"><span class='ocrx_word' id='word_1_35' title='bbox 80 508 196 564; x_wconf 75' lang='lat' dir='ltr'>poss&#39;c.</span> <span class='ocrx_word' id='word_1_36' title='bbox 221 509 386 550; x_wconf 84' lang='lat' dir='ltr'>vtdandi</span> <span class='ocrx_word' id='word_1_37' title='bbox 408 512 503 560; x_wconf 77' lang='lat' dir='ltr'>casu,</span> <span class='ocrx_word' id='word_1_38' title='bbox 532 525 622 553; x_wconf 84' lang='lat' dir='ltr'>mae</span> <span class='ocrx_word' id='word_1_39' title='bbox 642 512 825 565; x_wconf 66' lang='lat' dir='ltr'>epestolue,</span> 
     </span>
     <span class='ocr_line' id='line_1_9' title="bbox 81 566 824 615; baseline 0.001 -10"><span class='ocrx_word' id='word_1_40' title='bbox 81 566 223 606; x_wconf 63' lang='lat' dir='ltr'>elifium</span> <span class='ocrx_word' id='word_1_41' title='bbox 246 568 308 614; x_wconf 83' lang='lat' dir='ltr'>fit,</span> <span class='ocrx_word' id='word_1_42' title='bbox 338 582 415 607; x_wconf 89' lang='lat' dir='ltr'>non</span> <span class='ocrx_word' id='word_1_43' title='bbox 443 569 680 615; x_wconf 87' lang='lat' dir='ltr'>nominandi,</span> <span class='ocrx_word' id='word_1_44' title='bbox 701 578 743 608; x_wconf 89' lang='lat' dir='ltr'>vt</span> <span class='ocrx_word' id='word_1_45' title='bbox 767 582 824 606; x_wconf 87' lang='lat' dir='ltr'>ac-</span> 
     </span>
     <span class='ocr_line' id='line_1_10' title="bbox 81 623 823 678; baseline 0.001 -16"><span class='ocrx_word' id='word_1_46' title='bbox 81 636 264 677; x_wconf 80' lang='lat' dir='ltr'>ceperunt</span> <span class='ocrx_word' id='word_1_47' title='bbox 283 626 325 670; x_wconf 88' lang='lat' dir='ltr'>ii,</span> <span class='ocrx_word' id='word_1_48' title='bbox 348 628 415 678; x_wconf 92' lang='lat' dir='ltr'>qui</span> <span class='ocrx_word' id='word_1_49' title='bbox 436 625 744 675; x_wconf 84' lang='lat' dir='ltr'>elegantissimum</span> <span class='ocrx_word' id='word_1_50' title='bbox 768 623 823 663; x_wconf 91' lang='lat' dir='ltr'>lo-</span> 
     </span>
     <span class='ocr_line' id='line_1_11' title="bbox 81 680 823 734; baseline 0.001 -15"><span class='ocrx_word' id='word_1_51' title='bbox 81 680 225 734; x_wconf 88' lang='lat' dir='ltr'>quendi</span> <span class='ocrx_word' id='word_1_52' title='bbox 282 694 398 730; x_wconf 84' lang='lat' dir='ltr'>genus</span> <span class='ocrx_word' id='word_1_53' title='bbox 434 696 511 721; x_wconf 87' lang='lat' dir='ltr'>non</span> <span class='ocrx_word' id='word_1_54' title='bbox 559 692 823 731; x_wconf 69' lang='lat' dir='ltr'>agnouerunt:</span> 
     </span>
     <span class='ocr_line' id='line_1_12' title="bbox 79 737 824 792; baseline 0.003 -15"><span class='ocrx_word' id='word_1_55' title='bbox 79 738 182 778; x_wconf 83' lang='lat' dir='ltr'>vnde</span> <span class='ocrx_word' id='word_1_56' title='bbox 219 740 433 786; x_wconf 82' lang='lat' dir='ltr'>temeritas,</span> <span class='ocrx_word' id='word_1_57' title='bbox 457 738 705 792; x_wconf 86' lang='lat' dir='ltr'>mutandique</span> <span class='ocrx_word' id='word_1_58' title='bbox 739 737 824 779; x_wconf 90' lang='lat' dir='ltr'>libi·</span> 
     </span>
     <span class='ocr_line' id='line_1_13' title="bbox 81 794 317 835; baseline 0 -1"><span class='ocrx_word' id='word_1_59' title='bbox 81 794 132 834; x_wconf 91' lang='lat' dir='ltr'>do</span> <span class='ocrx_word' id='word_1_60' title='bbox 152 805 237 835; x_wconf 85' lang='lat' dir='ltr'>nata</span> <span class='ocrx_word' id='word_1_61' title='bbox 255 796 317 834; x_wconf 81' lang='lat' dir='ltr'>est.</span> 
     </span>
    </p>
   </div>
   <div class='ocr_carea' id='block_1_4' title="bbox 73 864 823 1205">
    <p class='ocr_par' dir='ltr' id='par_1_4' title="bbox 73 864 823 1205">
     <span class='ocr_line' id='line_1_14' title="bbox 136 864 822 919; baseline -0.003 -13"><span class='ocrx_word' id='word_1_62' title='bbox 136 866 200 906; x_wconf 84' lang='lat' dir='ltr'>Ex</span> <span class='ocrx_word' id='word_1_63' title='bbox 217 869 295 905; x_wconf 69' lang='lat' dir='ltr'>tuis</span> <span class='ocrx_word' id='word_1_64' title='bbox 311 865 474 919; x_wconf 74' lang='lat' dir='ltr'>litteris]</span> <span class='ocrx_word' id='word_1_65' title='bbox 503 867 546 905; x_wconf 87' lang='lat' dir='ltr'>In</span> <span class='ocrx_word' id='word_1_66' title='bbox 559 867 697 919; x_wconf 72' lang='lat' dir='ltr'>quibus</span> <span class='ocrx_word' id='word_1_67' title='bbox 709 864 822 905; x_wconf 90' lang='lat' dir='ltr'>Dola-</span> 
     </span>
     <span class='ocr_line' id='line_1_15' title="bbox 79 921 822 977; baseline -0.001 -14"><span class='ocrx_word' id='word_1_68' title='bbox 79 921 202 964; x_wconf 85' lang='lat' dir='ltr'>bellae</span> <span class='ocrx_word' id='word_1_69' title='bbox 224 921 433 963; x_wconf 84' lang='lat' dir='ltr'>sermonem</span> <span class='ocrx_word' id='word_1_70' title='bbox 463 922 748 977; x_wconf 80' lang='lat' dir='ltr'>perscripserat,</span> <span class='ocrx_word' id='word_1_71' title='bbox 775 923 822 962; x_wconf 86' lang='lat' dir='ltr'>de</span> 
     </span>
     <span class='ocr_line' id='line_1_16' title="bbox 78 978 822 1032; baseline 0 -13"><span class='ocrx_word' id='word_1_72' title='bbox 78 978 239 1019; x_wconf 86' lang='lat' dir='ltr'>Tulliae</span> <span class='ocrx_word' id='word_1_73' title='bbox 258 981 400 1032; x_wconf 83' lang='lat' dir='ltr'>nuptiis</span> <span class='ocrx_word' id='word_1_74' title='bbox 420 991 457 1020; x_wconf 86' lang='lat' dir='ltr'>et</span> <span class='ocrx_word' id='word_1_75' title='bbox 477 982 673 1020; x_wconf 83' lang='lat' dir='ltr'>Ciceronis</span> <span class='ocrx_word' id='word_1_76' title='bbox 703 979 822 1019; x_wconf 84' lang='lat' dir='ltr'>affini·</span> 
     </span>
     <span class='ocr_line' id='line_1_17' title="bbox 79 1034 821 1091; baseline 0 -15"><span class='ocrx_word' id='word_1_77' title='bbox 79 1046 155 1077; x_wconf 86' lang='lat' dir='ltr'>tate</span> <span class='ocrx_word' id='word_1_78' title='bbox 184 1034 396 1085; x_wconf 83' lang='lat' dir='ltr'>gloriantis,</span> <span class='ocrx_word' id='word_1_79' title='bbox 437 1037 484 1076; x_wconf 88' lang='lat' dir='ltr'>de</span> <span class='ocrx_word' id='word_1_80' title='bbox 512 1052 590 1091; x_wconf 89' lang='lat' dir='ltr'>quo</span> <span class='ocrx_word' id='word_1_81' title='bbox 625 1038 670 1076; x_wconf 86' lang='lat' dir='ltr'>sic</span> <span class='ocrx_word' id='word_1_82' title='bbox 696 1036 762 1078; x_wconf 85' lang='lat' dir='ltr'>lib.</span> <span class='ocrx_word' id='word_1_83' title='bbox 785 1049 821 1090; x_wconf 86' lang='lat'>3.</span> 
     </span>
     <span class='ocr_line' id='line_1_18' title="bbox 78 1093 823 1149; baseline 0.001 -16"><span class='ocrx_word' id='word_1_84' title='bbox 78 1095 182 1148; x_wconf 85' lang='lat' dir='ltr'>epist.</span> <span class='ocrx_word' id='word_1_85' title='bbox 210 1104 273 1134; x_wconf 91' lang='lat'>10.</span> <span class='ocrx_word' id='word_1_86' title='bbox 331 1095 442 1133; x_wconf 78' lang='lat' dir='ltr'><em>cuius</em></span> <span class='ocrx_word' id='word_1_87' title='bbox 457 1095 590 1146; x_wconf 74' lang='lat' dir='ltr'>firmo</span> <span class='ocrx_word' id='word_1_88' title='bbox 615 1093 756 1149; x_wconf 75' lang='lat' dir='ltr'>stultus</span> <span class='ocrx_word' id='word_1_89' title='bbox 783 1105 823 1135; x_wconf 79' lang='lat' dir='ltr'>et</span> 
     </span>
     <span class='ocr_line' id='line_1_19' title="bbox 73 1149 822 1205; baseline 0 -15"><span class='ocrx_word' id='word_1_90' title='bbox 73 1149 236 1205; x_wconf 82' lang='lat' dir='ltr'>puerilis</span> <span class='ocrx_word' id='word_1_91' title='bbox 258 1181 266 1197; x_wconf 89' lang='lat'>,</span> <span class='ocrx_word' id='word_1_92' title='bbox 322 1153 398 1191; x_wconf 80' lang='lat' dir='ltr'>erit</span> <span class='ocrx_word' id='word_1_93' title='bbox 423 1153 503 1190; x_wconf 79' lang='lat' dir='ltr'>iam</span> <span class='ocrx_word' id='word_1_94' title='bbox 535 1161 652 1191; x_wconf 75' lang='lat' dir='ltr'>antea</span> <span class='ocrx_word' id='word_1_95' title='bbox 681 1152 735 1190; x_wconf 82' lang='lat' dir='ltr'>ad</span> <span class='ocrx_word' id='word_1_96' title='bbox 763 1165 822 1191; x_wconf 84' lang='lat' dir='ltr'>me</span> 
     </span>
    </p>
   </div>
   <div class='ocr_carea' id='block_1_5' title="bbox 78 1206 869 1263">
    <p class='ocr_par' dir='ltr' id='par_1_5' title="bbox 78 1206 869 1263">
     <span class='ocr_line' id='line_1_20' title="bbox 78 1206 869 1263; baseline -0.001 -16"><span class='ocrx_word' id='word_1_97' title='bbox 78 1221 104 1247; x_wconf 74' lang='lat' dir='ltr'>a</span> <span class='ocrx_word' id='word_1_98' title='bbox 139 1207 202 1248; x_wconf 87' lang='lat' dir='ltr'>M.</span> <span class='ocrx_word' id='word_1_99' title='bbox 232 1206 379 1256; x_wconf 87' lang='lat' dir='ltr'>Coelio,</span> <span class='ocrx_word' id='word_1_100' title='bbox 423 1209 626 1260; x_wconf 68' lang='lat' dir='ltr'>familiari</span> <span class='ocrx_word' id='word_1_101' title='bbox 686 1207 824 1263; x_wconf 74' lang='lat' dir='ltr'>nostro,</span> <span class='ocrx_word' id='word_1_102' title='bbox 864 1252 869 1253; x_wconf 18' lang='lat'><em>⁷</em></span> 
     </span>
    </p>
   </div>
   <div class='ocr_carea' id='block_1_6' title="bbox 71 1263 822 1319">
    <p class='ocr_par' dir='ltr' id='par_1_6' title="bbox 71 1263 822 1319">
     <span class='ocr_line' id='line_1_21' title="bbox 71 1263 822 1319; baseline 0.003 -15"><span class='ocrx_word' id='word_1_103' title='bbox 71 1264 322 1319; x_wconf 75' lang='lat' dir='ltr'>perfiriptus.</span> <span class='ocrx_word' id='word_1_104' title='bbox 409 1268 492 1305; x_wconf 88' lang='lat' dir='ltr'>Hae</span> <span class='ocrx_word' id='word_1_105' title='bbox 518 1263 645 1306; x_wconf 88' lang='lat' dir='ltr'>Coelii</span> <span class='ocrx_word' id='word_1_106' title='bbox 672 1263 822 1306; x_wconf 79' lang='lat' dir='ltr'>litterae</span> 
     </span>
    </p>
   </div>
   <div class='ocr_carea' id='block_1_7' title="bbox 77 1322 824 1631">
    <p class='ocr_par' dir='ltr' id='par_1_7' title="bbox 77 1322 329 1361">
     <span class='ocr_line' id='line_1_22' title="bbox 77 1322 329 1361; baseline -0.004 0"><span class='ocrx_word' id='word_1_107' title='bbox 77 1335 156 1361; x_wconf 87' lang='lat' dir='ltr'>non</span> <span class='ocrx_word' id='word_1_108' title='bbox 176 1322 329 1360; x_wconf 83' lang='lat' dir='ltr'>exstant.</span> 
     </span>
    </p>

    <p class='ocr_par' dir='ltr' id='par_1_8' title="bbox 78 1390 821 1506">
     <span class='ocr_line' id='line_1_23' title="bbox 134 1390 821 1446; baseline -0.001 -13"><span class='ocrx_word' id='word_1_109' title='bbox 134 1390 311 1445; x_wconf 81' lang='lat' dir='ltr'>Mistad</span> <span class='ocrx_word' id='word_1_110' title='bbox 326 1390 524 1446; x_wconf 78' lang='lat' dir='ltr'>Appium]</span> <span class='ocrx_word' id='word_1_111' title='bbox 551 1393 740 1443; x_wconf 79' lang='lat' dir='ltr'>Significat</span> <span class='ocrx_word' id='word_1_112' title='bbox 754 1390 821 1432; x_wconf 93' lang='lat' dir='ltr'>lib.</span> 
     </span>
     <span class='ocr_line' id='line_1_24' title="bbox 78 1450 506 1506; baseline -0.005 -17"><span class='ocrx_word' id='word_1_113' title='bbox 78 1462 116 1504; x_wconf 82' lang='lat'>3.</span> <span class='ocrx_word' id='word_1_114' title='bbox 143 1450 246 1503; x_wconf 88' lang='lat' dir='ltr'>epist.</span> <span class='ocrx_word' id='word_1_115' title='bbox 271 1460 334 1491; x_wconf 88' lang='lat'>10.</span> <span class='ocrx_word' id='word_1_116' title='bbox 504 1504 506 1506; x_wconf 16' lang='lat' dir='ltr'>v</span> 
     </span>
    </p>

    <p class='ocr_par' dir='ltr' id='par_1_9' title="bbox 79 1518 824 1631">
     <span class='ocr_line' id='line_1_25' title="bbox 134 1518 824 1572; baseline -0.001 -11"><span class='ocrx_word' id='word_1_117' title='bbox 134 1522 196 1561; x_wconf 83' lang='lat' dir='ltr'>Sic</span> <span class='ocrx_word' id='word_1_118' title='bbox 218 1518 394 1572; x_wconf 86' lang='lat' dir='ltr'>viuitur]</span> <span class='ocrx_word' id='word_1_119' title='bbox 425 1520 483 1560; x_wconf 87' lang='lat' dir='ltr'>Sic</span> <span class='ocrx_word' id='word_1_120' title='bbox 505 1519 609 1560; x_wconf 82' lang='lat' dir='ltr'>vitae</span> <span class='ocrx_word' id='word_1_121' title='bbox 627 1519 824 1561; x_wconf 86' lang='lat' dir='ltr'>consuetu-</span> 
     </span>
     <span class='ocr_line' id='line_1_26' title="bbox 79 1575 334 1631; baseline -0.012 -13"><span class='ocrx_word' id='word_1_122' title='bbox 79 1577 130 1618; x_wconf 83' lang='lat' dir='ltr'>do</span> <span class='ocrx_word' id='word_1_123' title='bbox 160 1575 334 1631; x_wconf 85' lang='lat' dir='ltr'>postulat.</span> 
     </span>
    </p>
   </div>
   <div class='ocr_carea' id='block_1_8' title="bbox 67 1646 824 1986">
    <p class='ocr_par' dir='ltr' id='par_1_10' title="bbox 67 1646 824 1986">
     <span class='ocr_line' id='line_1_27' title="bbox 138 1646 822 1705; baseline 0 -17"><span class='ocrx_word' id='word_1_124' title='bbox 138 1647 258 1705; x_wconf 71' lang='lat' dir='ltr'>Qud</span> <span class='ocrx_word' id='word_1_125' title='bbox 272 1648 400 1689; x_wconf 57' lang='lat' dir='ltr'>aequm</span> <span class='ocrx_word' id='word_1_126' title='bbox 421 1646 480 1702; x_wconf 88' lang='lat' dir='ltr'>est,</span> <span class='ocrx_word' id='word_1_127' title='bbox 508 1648 568 1690; x_wconf 82' lang='lat' dir='ltr'>dii</span> <span class='ocrx_word' id='word_1_128' title='bbox 588 1647 822 1702; x_wconf 77' lang='lat' dir='ltr'>approbent]</span> 
     </span>
     <span class='ocr_line' id='line_1_28' title="bbox 77 1707 824 1763; baseline -0.004 -15"><span class='ocrx_word' id='word_1_129' title='bbox 77 1708 162 1748; x_wconf 84' lang='lat' dir='ltr'>Lib.</span> <span class='ocrx_word' id='word_1_130' title='bbox 187 1718 221 1759; x_wconf 90' lang='lat'>3.</span> <span class='ocrx_word' id='word_1_131' title='bbox 243 1707 345 1758; x_wconf 88' lang='lat' dir='ltr'>epist.</span> <span class='ocrx_word' id='word_1_132' title='bbox 376 1717 436 1747; x_wconf 90' lang='lat'>12.</span> <span class='ocrx_word' id='word_1_133' title='bbox 495 1707 575 1763; x_wconf 83' lang='lat' dir='ltr'>Ego</span> <span class='ocrx_word' id='word_1_134' title='bbox 590 1720 676 1747; x_wconf 84' lang='lat' dir='ltr'>vero</span> <span class='ocrx_word' id='word_1_135' title='bbox 705 1707 824 1747; x_wconf 83' lang='lat' dir='ltr'>velim</span> 
     </span>
     <span class='ocr_line' id='line_1_29' title="bbox 77 1762 822 1817; baseline -0.005 -12"><span class='ocrx_word' id='word_1_136' title='bbox 77 1764 195 1809; x_wconf 69' lang='lat' dir='ltr'>milvi,</span> <span class='ocrx_word' id='word_1_137' title='bbox 229 1763 451 1817; x_wconf 73' lang='lat' dir='ltr'>Tulliaeque</span> <span class='ocrx_word' id='word_1_138' title='bbox 471 1777 574 1803; x_wconf 81' lang='lat' dir='ltr'>meae</span> <span class='ocrx_word' id='word_1_139' title='bbox 589 1792 602 1812; x_wconf 92' lang='lat'><strong>,</strong></span> <span class='ocrx_word' id='word_1_140' title='bbox 636 1762 749 1816; x_wconf 55' lang='lat' dir='ltr'>⁸sicut</span> <span class='ocrx_word' id='word_1_141' title='bbox 777 1774 822 1802; x_wconf 80' lang='lat' dir='ltr'>tu</span> 
     </span>
     <span class='ocr_line' id='line_1_30' title="bbox 78 1818 822 1873; baseline -0.004 -12"><span class='ocrx_word' id='word_1_142' title='bbox 78 1818 296 1871; x_wconf 78' lang='lat' dir='ltr'>amictffime</span> <span class='ocrx_word' id='word_1_143' title='bbox 316 1829 354 1859; x_wconf 84' lang='lat' dir='ltr'>et</span> <span class='ocrx_word' id='word_1_144' title='bbox 363 1819 586 1872; x_wconf 75' lang='lat' dir='ltr'>suautffime</span> <span class='ocrx_word' id='word_1_145' title='bbox 604 1831 726 1873; x_wconf 77' lang='lat' dir='ltr'>optas,</span> <span class='ocrx_word' id='word_1_146' title='bbox 736 1831 822 1872; x_wconf 85' lang='lat' dir='ltr'>pro-</span> 
     </span>
     <span class='ocr_line' id='line_1_31' title="bbox 67 1875 824 1931; baseline 0 -16"><span class='ocrx_word' id='word_1_147' title='bbox 67 1877 181 1931; x_wconf 66' lang='lat' dir='ltr'>sper-e</span> <span class='ocrx_word' id='word_1_148' title='bbox 198 1878 345 1916; x_wconf 76' lang='lat' dir='ltr'>euenire</span> <span class='ocrx_word' id='word_1_149' title='bbox 361 1891 422 1925; x_wconf 80' lang='lat' dir='ltr'>ea,</span> <span class='ocrx_word' id='word_1_150' title='bbox 448 1889 557 1930; x_wconf 83' lang='lat' dir='ltr'>quae,</span> <span class='ocrx_word' id='word_1_151' title='bbox 582 1890 642 1917; x_wconf 88' lang='lat' dir='ltr'>me</span> <span class='ocrx_word' id='word_1_152' title='bbox 667 1875 824 1927; x_wconf 80' lang='lat' dir='ltr'>inscien-</span> 
     </span>
     <span class='ocr_line' id='line_1_32' title="bbox 77 1933 536 1986; baseline -0.004 -10"><span class='ocrx_word' id='word_1_153' title='bbox 77 1945 130 1982; x_wconf 69' lang='lat' dir='ltr'>te,</span> <span class='ocrx_word' id='word_1_154' title='bbox 142 1933 255 1986; x_wconf 61' lang='lat' dir='ltr'>fac‘ffa</span> <span class='ocrx_word' id='word_1_155' title='bbox 271 1933 370 1984; x_wconf 83' lang='lat' dir='ltr'>sunt</span> <span class='ocrx_word' id='word_1_156' title='bbox 388 1949 413 1972; x_wconf 82' lang='lat' dir='ltr'>a</span> <span class='ocrx_word' id='word_1_157' title='bbox 431 1935 536 1974; x_wconf 82' lang='lat' dir='ltr'>meis.</span> 
     </span>
    </p>
   </div>
   <div class='ocr_carea' id='block_1_9' title="bbox 78 2003 822 2175">
    <p class='ocr_par' dir='ltr' id='par_1_11' title="bbox 78 2003 822 2175">
     <span class='ocr_line' id='line_1_33' title="bbox 138 2003 822 2056; baseline -0.001 -12"><span class='ocrx_word' id='word_1_158' title='bbox 138 2004 222 2044; x_wconf 86' lang='lat' dir='ltr'>Tua</span> <span class='ocrx_word' id='word_1_159' title='bbox 251 2003 498 2056; x_wconf 79' lang='lat' dir='ltr'>humanitas]</span> <span class='ocrx_word' id='word_1_160' title='bbox 537 2008 648 2054; x_wconf 75' lang='lat' dir='ltr'>Qiae</span> <span class='ocrx_word' id='word_1_161' title='bbox 676 2014 741 2054; x_wconf 86' lang='lat' dir='ltr'>tua</span> <span class='ocrx_word' id='word_1_162' title='bbox 769 2005 822 2043; x_wconf 89' lang='lat' dir='ltr'>est</span> 
     </span>
     <span class='ocr_line' id='line_1_34' title="bbox 79 2061 822 2110; baseline -0.003 -9"><span class='ocrx_word' id='word_1_163' title='bbox 79 2062 317 2110; x_wconf 81' lang='lat' dir='ltr'>humanitas,</span> <span class='ocrx_word' id='word_1_164' title='bbox 357 2062 503 2101; x_wconf 90' lang='lat' dir='ltr'>bonum</span> <span class='ocrx_word' id='word_1_165' title='bbox 539 2072 576 2101; x_wconf 90' lang='lat' dir='ltr'>et</span> <span class='ocrx_word' id='word_1_166' title='bbox 612 2061 822 2101; x_wconf 88' lang='lat' dir='ltr'>iucundum</span> 
     </span>
     <span class='ocr_line' id='line_1_35' title="bbox 78 2118 620 2175; baseline 0 -17"><span class='ocrx_word' id='word_1_167' title='bbox 78 2131 260 2170; x_wconf 80' lang='lat' dir='ltr'>generum</span> <span class='ocrx_word' id='word_1_168' title='bbox 286 2118 382 2157; x_wconf 84' lang='lat' dir='ltr'>mihi</span> <span class='ocrx_word' id='word_1_169' title='bbox 404 2119 620 2175; x_wconf 77' lang='lat' dir='ltr'>praestabiS.</span> 
     </span>
    </p>
   </div>
   <div class='ocr_carea' id='block_1_10' title="bbox 81 2188 826 2641">
    <p class='ocr_par' dir='ltr' id='par_1_12' title="bbox 81 2188 826 2641">
     <span class='ocr_line' id='line_1_36' title="bbox 137 2188 824 2244; baseline -0.004 -13"><span class='ocrx_word' id='word_1_170' title='bbox 137 2188 388 2244; x_wconf 79' lang='lat' dir='ltr'>Respublica]</span> <span class='ocrx_word' id='word_1_171' title='bbox 419 2190 637 2230; x_wconf 84' lang='lat' dir='ltr'>Perturbata</span> <span class='ocrx_word' id='word_1_172' title='bbox 669 2199 824 2230; x_wconf 88' lang='lat' dir='ltr'>conten-</span> 
     </span>
     <span class='ocr_line' id='line_1_37' title="bbox 82 2245 824 2301; baseline -0.003 -14"><span class='ocrx_word' id='word_1_173' title='bbox 82 2248 252 2287; x_wconf 75' lang='lat' dir='ltr'>tionibus</span> <span class='ocrx_word' id='word_1_174' title='bbox 273 2249 435 2287; x_wconf 88' lang='lat' dir='ltr'>ciuium:</span> <span class='ocrx_word' id='word_1_175' title='bbox 464 2261 550 2287; x_wconf 84' lang='lat' dir='ltr'>cum</span> <span class='ocrx_word' id='word_1_176' title='bbox 568 2261 613 2286; x_wconf 84' lang='lat' dir='ltr'>ex</span> <span class='ocrx_word' id='word_1_177' title='bbox 623 2245 747 2301; x_wconf 75' lang='lat' dir='ltr'>Gallia</span> <span class='ocrx_word' id='word_1_178' title='bbox 766 2260 824 2286; x_wconf 85' lang='lat' dir='ltr'>re-</span> 
     </span>
     <span class='ocr_line' id='line_1_38' title="bbox 84 2303 823 2357; baseline -0.003 -13"><span class='ocrx_word' id='word_1_179' title='bbox 84 2305 215 2344; x_wconf 82' lang='lat' dir='ltr'>vocari</span> <span class='ocrx_word' id='word_1_180' title='bbox 245 2303 442 2343; x_wconf 84' lang='lat' dir='ltr'>Caesarem</span> <span class='ocrx_word' id='word_1_181' title='bbox 472 2306 675 2357; x_wconf 90' lang='lat' dir='ltr'>optimates</span> <span class='ocrx_word' id='word_1_182' title='bbox 713 2316 823 2356; x_wconf 89' lang='lat' dir='ltr'>cupe-</span> 
     </span>
     <span class='ocr_line' id='line_1_39' title="bbox 84 2360 824 2414; baseline -0.004 -13"><span class='ocrx_word' id='word_1_183' title='bbox 84 2372 184 2408; x_wconf 85' lang='lat' dir='ltr'>rent,</span> <span class='ocrx_word' id='word_1_184' title='bbox 212 2371 343 2400; x_wconf 88' lang='lat' dir='ltr'>contra</span> <span class='ocrx_word' id='word_1_185' title='bbox 370 2374 483 2414; x_wconf 89' lang='lat' dir='ltr'>quam</span> <span class='ocrx_word' id='word_1_186' title='bbox 508 2360 590 2411; x_wconf 83' lang='lat' dir='ltr'>lege</span> <span class='ocrx_word' id='word_1_187' title='bbox 616 2361 824 2400; x_wconf 83' lang='lat' dir='ltr'>Trebonia</span> 
     </span>
     <span class='ocr_line' id='line_1_40' title="bbox 85 2415 826 2471; baseline 0 -15"><span class='ocrx_word' id='word_1_188' title='bbox 85 2416 294 2456; x_wconf 78' lang='lat' dir='ltr'>concessum</span> <span class='ocrx_word' id='word_1_189' title='bbox 305 2416 429 2456; x_wconf 86' lang='lat' dir='ltr'>fuerat</span> <span class='ocrx_word' id='word_1_190' title='bbox 442 2433 453 2463; x_wconf 72' lang='grc' dir='ltr'><strong>ς</strong></span> <span class='ocrx_word' id='word_1_191' title='bbox 481 2418 626 2457; x_wconf 90' lang='lat' dir='ltr'>tribuni</span> <span class='ocrx_word' id='word_1_192' title='bbox 637 2429 731 2456; x_wconf 88' lang='lat' dir='ltr'>vero</span> <span class='ocrx_word' id='word_1_193' title='bbox 744 2415 826 2471; x_wconf 81' lang='lat' dir='ltr'>ple·</span> 
     </span>
     <span class='ocr_line' id='line_1_41' title="bbox 84 2472 825 2527; baseline -0.003 -13"><span class='ocrx_word' id='word_1_194' title='bbox 84 2476 158 2521; x_wconf 86' lang='lat' dir='ltr'>bis,</span> <span class='ocrx_word' id='word_1_195' title='bbox 176 2475 414 2527; x_wconf 74' lang='lat' dir='ltr'>maximeque</span> <span class='ocrx_word' id='word_1_196' title='bbox 433 2476 554 2514; x_wconf 91' lang='lat' dir='ltr'>Curio</span> <span class='ocrx_word' id='word_1_197' title='bbox 576 2472 825 2519; x_wconf 30' lang='lat' dir='ltr'>nihilfcontra</span> 
     </span>
     <span class='ocr_line' id='line_1_42' title="bbox 83 2528 825 2583; baseline -0.001 -14"><span class='ocrx_word' id='word_1_198' title='bbox 83 2528 253 2570; x_wconf 79' lang='lat' dir='ltr'>Caesaris</span> <span class='ocrx_word' id='word_1_199' title='bbox 273 2532 586 2570; x_wconf 87' lang='lat' dir='ltr'>existimationem</span> <span class='ocrx_word' id='word_1_200' title='bbox 601 2529 753 2569; x_wconf 86' lang='lat' dir='ltr'>decerni</span> <span class='ocrx_word' id='word_1_201' title='bbox 763 2543 825 2583; x_wconf 88' lang='lat' dir='ltr'>pa-</span> 
     </span>
     <span class='ocr_line' id='line_1_43' title="bbox 81 2585 730 2641; baseline -0.003 -13"><span class='ocrx_word' id='word_1_202' title='bbox 81 2597 240 2628; x_wconf 69' lang='lat' dir='ltr'>teretur.</span> <span class='ocrx_word' id='word_1_203' title='bbox 258 2585 324 2627; x_wconf 85' lang='lat' dir='ltr'>lib.</span> <span class='ocrx_word' id='word_1_204' title='bbox 344 2593 378 2636; x_wconf 78' lang='lat'>8.</span> <span class='ocrx_word' id='word_1_205' title='bbox 399 2589 500 2641; x_wconf 82' lang='lat' dir='ltr'>epist.</span> <span class='ocrx_word' id='word_1_206' title='bbox 527 2597 645 2629; x_wconf 34' lang='lat' dir='ltr'>11..et</span> <span class='ocrx_word' id='word_1_207' title='bbox 667 2598 730 2628; x_wconf 88' lang='lat'>12.</span> 
     </span>
    </p>
   </div>
   <div class='ocr_carea' id='block_1_11' title="bbox 85 2656 827 2768">
    <p class='ocr_par' dir='ltr' id='par_1_13' title="bbox 85 2656 827 2768">
     <span class='ocr_line' id='line_1_44' title="bbox 142 2656 827 2711; baseline -0.003 -13"><span class='ocrx_word' id='word_1_208' title='bbox 142 2659 269 2698; x_wconf 79' lang='lat' dir='ltr'>Faueo</span> <span class='ocrx_word' id='word_1_209' title='bbox 294 2656 478 2710; x_wconf 81' lang='lat' dir='ltr'>Curioni]</span> <span class='ocrx_word' id='word_1_210' title='bbox 506 2662 630 2708; x_wconf 70' lang='lat' dir='ltr'>Quem</span> <span class='ocrx_word' id='word_1_211' title='bbox 659 2672 680 2697; x_wconf 87' lang='lat' dir='ltr'>a</span> <span class='ocrx_word' id='word_1_212' title='bbox 703 2669 827 2711; x_wconf 87' lang='lat' dir='ltr'>puero</span> 
     </span>
     <span class='ocr_line' id='line_1_45' title="bbox 85 2714 473 2768; baseline -0.008 -12"><span class='ocrx_word' id='word_1_213' title='bbox 85 2714 280 2756; x_wconf 84' lang='lat' dir='ltr'>dilexerat.</span> <span class='ocrx_word' id='word_1_214' title='bbox 311 2716 413 2768; x_wconf 84' lang='lat' dir='ltr'>epist.</span> <span class='ocrx_word' id='word_1_215' title='bbox 442 2728 473 2756; x_wconf 89' lang='grc' dir='ltr'>ι.</span> 
     </span>
    </p>
   </div>
   <div class='ocr_carea' id='block_1_12' title="bbox 143 2783 826 2840">
    <p class='ocr_par' dir='ltr' id='par_1_14' title="bbox 143 2783 826 2840">
     <span class='ocr_line' id='line_1_46' title="bbox 143 2783 826 2840; baseline -0.004 -12"><span class='ocrx_word' id='word_1_216' title='bbox 143 2783 367 2840; x_wconf 55' lang='lat' dir='ltr'>Caesarem]</span> <span class='ocrx_word' id='word_1_217' title='bbox 397 2788 513 2827; x_wconf 86' lang='lat' dir='ltr'>Cuius</span> <span class='ocrx_word' id='word_1_218' title='bbox 531 2788 574 2825; x_wconf 87' lang='lat' dir='ltr'>in</span> <span class='ocrx_word' id='word_1_219' title='bbox 583 2784 707 2828; x_wconf 74' lang='lat' dir='ltr'>Gallia</span> <span class='ocrx_word' id='word_1_220' title='bbox 728 2783 826 2837; x_wconf 75' lang='lat' dir='ltr'>lega-</span> 
     </span>
    </p>
   </div>
   <div class='ocr_carea' id='block_1_13' title="bbox 1544 121 1626 167">
    <p class='ocr_par' dir='ltr' id='par_1_15' title="bbox 1544 121 1626 167">
     <span class='ocr_line' id='line_1_47' title="bbox 1544 121 1626 167; baseline 0.024 -2"><span class='ocrx_word' id='word_1_221' title='bbox 1544 121 1626 167; x_wconf 78' lang='lat'>¹85</span> 
     </span>
    </p>
   </div>
   <div class='ocr_carea' id='block_1_14' title="bbox 882 227 1629 394">
    <p class='ocr_par' dir='ltr' id='par_1_16' title="bbox 882 227 1629 394">
     <span class='ocr_line' id='line_1_48' title="bbox 885 227 1629 278; baseline 0.003 -10"><span class='ocrx_word' id='word_1_222' title='bbox 885 238 945 268; x_wconf 89' lang='lat' dir='ltr'>tus</span> <span class='ocrx_word' id='word_1_223' title='bbox 969 227 1094 267; x_wconf 86' lang='lat' dir='ltr'>fuerat</span> <span class='ocrx_word' id='word_1_224' title='bbox 1122 231 1175 278; x_wconf 79' lang='lat' dir='ltr'>Q</span> <span class='ocrx_word' id='word_1_225' title='bbox 1191 230 1348 268; x_wconf 81' lang='lat' dir='ltr'>Cicero:</span> <span class='ocrx_word' id='word_1_226' title='bbox 1383 239 1421 269; x_wconf 83' lang='lat' dir='ltr'>et</span> <span class='ocrx_word' id='word_1_227' title='bbox 1443 228 1629 271; x_wconf 80' lang='lat' dir='ltr'>finnmam</span> 
     </span>
     <span class='ocr_line' id='line_1_49' title="bbox 884 284 1626 340; baseline 0.005 -17"><span class='ocrx_word' id='word_1_228' title='bbox 884 298 972 333; x_wconf 80' lang='lat' dir='ltr'>erga</span> <span class='ocrx_word' id='word_1_229' title='bbox 1012 284 1069 333; x_wconf 89' lang='lat' dir='ltr'>se,</span> <span class='ocrx_word' id='word_1_230' title='bbox 1106 285 1341 340; x_wconf 84' lang='lat' dir='ltr'>fratremque</span> <span class='ocrx_word' id='word_1_231' title='bbox 1386 285 1492 327; x_wconf 89' lang='lat' dir='ltr'>suum</span> <span class='ocrx_word' id='word_1_232' title='bbox 1531 286 1626 327; x_wconf 87' lang='lat' dir='ltr'>libe-</span> 
     </span>
     <span class='ocr_line' id='line_1_50' title="bbox 882 340 1624 394; baseline 0.008 -14"><span class='ocrx_word' id='word_1_233' title='bbox 882 340 1081 394; x_wconf 25' lang='lat' dir='ltr'>ralitatem*</span> <span class='ocrx_word' id='word_1_234' title='bbox 1117 341 1264 382; x_wconf 88' lang='lat' dir='ltr'>extollit</span> <span class='ocrx_word' id='word_1_235' title='bbox 1308 344 1444 383; x_wconf 86' lang='lat' dir='ltr'>Cicero</span> <span class='ocrx_word' id='word_1_236' title='bbox 1484 343 1551 385; x_wconf 88' lang='lat' dir='ltr'>lib.</span> <span class='ocrx_word' id='word_1_237' title='bbox 1588 357 1624 387; x_wconf 86' lang='lat'>1.</span> 
     </span>
    </p>
   </div>
   <div class='ocr_carea' id='block_1_15' title="bbox 881 400 1625 591">
    <p class='ocr_par' dir='ltr' id='par_1_17' title="bbox 881 400 1625 591">
     <span class='ocr_line' id='line_1_51' title="bbox 883 400 1046 450; baseline 0.006 -14"><span class='ocrx_word' id='word_1_238' title='bbox 883 400 985 450; x_wconf 87' lang='lat' dir='ltr'>epist.</span> <span class='ocrx_word' id='word_1_239' title='bbox 1006 410 1046 450; x_wconf 89' lang='lat'>9.</span> 
     </span>
     <span class='ocr_line' id='line_1_52' title="bbox 895 480 1624 536; baseline 0.007 -16"><span class='ocrx_word' id='word_1_240' title='bbox 895 530 897 532; x_wconf 14' lang='lat' dir='ltr'>q</span> <span class='ocrx_word' id='word_1_241' title='bbox 939 480 1141 534; x_wconf 58' lang='lat' dir='ltr'>Honestum</span> <span class='ocrx_word' id='word_1_242' title='bbox 1169 480 1260 536; x_wconf 62' lang='lat' dir='ltr'>eflfi’]</span> <span class='ocrx_word' id='word_1_243' title='bbox 1302 486 1364 523; x_wconf 86' lang='lat' dir='ltr'>Nc</span> <span class='ocrx_word' id='word_1_244' title='bbox 1391 484 1519 524; x_wconf 88' lang='lat' dir='ltr'>honor</span> <span class='ocrx_word' id='word_1_245' title='bbox 1543 487 1624 525; x_wconf 84' lang='lat' dir='ltr'>eius</span> 
     </span>
     <span class='ocr_line' id='line_1_53' title="bbox 881 539 1625 591; baseline 0.008 -15"><span class='ocrx_word' id='word_1_246' title='bbox 881 539 1142 577; x_wconf 84' lang='lat' dir='ltr'>imminuatur.</span> <span class='ocrx_word' id='word_1_247' title='bbox 1172 540 1414 580; x_wconf 83' lang='lat' dir='ltr'>imminuitur</span> <span class='ocrx_word' id='word_1_248' title='bbox 1437 545 1625 591; x_wconf 64' lang='lat' dir='ltr'>autenmsi,</span> 
     </span>
    </p>
   </div>
   <div class='ocr_carea' id='block_1_16' title="bbox 882 593 1624 692">
    <p class='ocr_par' dir='ltr' id='par_1_18' title="bbox 882 593 1624 692">
     <span class='ocr_line' id='line_1_54' title="bbox 882 593 1624 653; baseline 0.008 -19"><span class='ocrx_word' id='word_1_249' title='bbox 882 607 969 635; x_wconf 79' lang='lat' dir='ltr'>ante</span> <span class='ocrx_word' id='word_1_250' title='bbox 997 594 1128 635; x_wconf 88' lang='lat' dir='ltr'>datum</span> <span class='ocrx_word' id='word_1_251' title='bbox 1157 593 1238 644; x_wconf 85' lang='lat' dir='ltr'>lege</span> <span class='ocrx_word' id='word_1_252' title='bbox 1269 608 1438 651; x_wconf 86' lang='lat' dir='ltr'>tempus,</span> <span class='ocrx_word' id='word_1_253' title='bbox 1463 613 1506 638; x_wconf 87' lang='lat' dir='ltr'>ex</span> <span class='ocrx_word' id='word_1_254' title='bbox 1536 614 1624 653; x_wconf 90' lang='lat' dir='ltr'>pro-</span> 
     </span>
     <span class='ocr_line' id='line_1_55' title="bbox 882 662 1243 692; baseline 0.003 -1"><span class='ocrx_word' id='word_1_255' title='bbox 882 665 1008 692; x_wconf 76' lang='lat' dir='ltr'>vincia</span> <span class='ocrx_word' id='word_1_256' title='bbox 1026 662 1243 692; x_wconf 81' lang='lat' dir='ltr'>reuocatur.</span> 
     </span>
    </p>
   </div>
   <div class='ocr_carea' id='block_1_17' title="bbox 873 735 1627 1020">
    <p class='ocr_par' dir='ltr' id='par_1_19' title="bbox 873 735 1627 1020">
     <span class='ocr_line' id='line_1_56' title="bbox 938 735 1623 794; baseline 0.004 -16"><span class='ocrx_word' id='word_1_257' title='bbox 938 739 1071 778; x_wconf 75' lang='lat' dir='ltr'>Emori</span> <span class='ocrx_word' id='word_1_258' title='bbox 1086 735 1255 793; x_wconf 72' lang='lat' dir='ltr'>pqfficm]</span> <span class='ocrx_word' id='word_1_259' title='bbox 1284 739 1403 777; x_wconf 86' lang='lat' dir='ltr'>Cuius</span> <span class='ocrx_word' id='word_1_260' title='bbox 1431 740 1469 778; x_wconf 88' lang='lat' dir='ltr'>in</span> <span class='ocrx_word' id='word_1_261' title='bbox 1489 743 1623 794; x_wconf 78' lang='lat' dir='ltr'>primis</span> 
     </span>
     <span class='ocr_line' id='line_1_57' title="bbox 881 793 1627 848; baseline 0.007 -14"><span class='ocrx_word' id='word_1_262' title='bbox 881 809 999 848; x_wconf 88' lang='lat' dir='ltr'>opera</span> <span class='ocrx_word' id='word_1_263' title='bbox 1020 793 1100 833; x_wconf 89' lang='lat' dir='ltr'>sum</span> <span class='ocrx_word' id='word_1_264' title='bbox 1119 796 1166 834; x_wconf 88' lang='lat' dir='ltr'>ab</span> <span class='ocrx_word' id='word_1_265' title='bbox 1189 794 1332 834; x_wconf 84' lang='lat' dir='ltr'>exsulio</span> <span class='ocrx_word' id='word_1_266' title='bbox 1352 797 1556 838; x_wconf 76' lang='lat' dir='ltr'>restitutus.</span> <span class='ocrx_word' id='word_1_267' title='bbox 1578 801 1627 839; x_wconf 82' lang='lat' dir='ltr'>sic</span> 
     </span>
     <span class='ocr_line' id='line_1_58' title="bbox 881 851 1623 905; baseline 0.008 -15"><span class='ocrx_word' id='word_1_268' title='bbox 881 851 946 892; x_wconf 87' lang='lat' dir='ltr'>lib.</span> <span class='ocrx_word' id='word_1_269' title='bbox 969 859 1004 901; x_wconf 81' lang='lat'>8.</span> <span class='ocrx_word' id='word_1_270' title='bbox 1027 851 1074 890; x_wconf 80' lang='lat' dir='ltr'>ad</span> <span class='ocrx_word' id='word_1_271' title='bbox 1099 854 1208 892; x_wconf 79' lang='lat' dir='ltr'>Attic.</span> <span class='ocrx_word' id='word_1_272' title='bbox 1233 853 1336 905; x_wconf 88' lang='lat' dir='ltr'>epist.</span> <span class='ocrx_word' id='word_1_273' title='bbox 1356 863 1392 892; x_wconf 86' lang='lat'>2.</span> <span class='ocrx_word' id='word_1_274' title='bbox 1429 854 1506 894; x_wconf 88' lang='lat' dir='ltr'>Pro</span> <span class='ocrx_word' id='word_1_275' title='bbox 1518 857 1623 896; x_wconf 75' lang='lat' dir='ltr'>Pom-</span> 
     </span>
     <span class='ocr_line' id='line_1_59' title="bbox 873 907 1625 964; baseline 0.004 -16"><span class='ocrx_word' id='word_1_276' title='bbox 873 912 959 962; x_wconf 77' lang='lat' dir='ltr'>peio</span> <span class='ocrx_word' id='word_1_277' title='bbox 987 908 1162 950; x_wconf 82' lang='lat' dir='ltr'>lubenter</span> <span class='ocrx_word' id='word_1_278' title='bbox 1189 911 1307 949; x_wconf 78' lang='lat' dir='ltr'>emori</span> <span class='ocrx_word' id='word_1_279' title='bbox 1328 907 1481 963; x_wconf 72' lang='lat' dir='ltr'>poffiem.</span> <span class='ocrx_word' id='word_1_280' title='bbox 1514 912 1625 964; x_wconf 78' lang='lat' dir='ltr'>facio</span> 
     </span>
     <span class='ocr_line' id='line_1_60' title="bbox 873 965 1621 1020; baseline 0.004 -13"><span class='ocrx_word' id='word_1_281' title='bbox 873 968 1005 1020; x_wconf 84' lang='lat' dir='ltr'>pluris</span> <span class='ocrx_word' id='word_1_282' title='bbox 1027 968 1194 1009; x_wconf 80' lang='lat' dir='ltr'>omnium</span> <span class='ocrx_word' id='word_1_283' title='bbox 1213 965 1407 1006; x_wconf 77' lang='lat' dir='ltr'>hominum</span> <span class='ocrx_word' id='word_1_284' title='bbox 1426 971 1621 1010; x_wconf 80' lang='lat' dir='ltr'>neminem.</span> 
     </span>
    </p>
   </div>
   <div class='ocr_carea' id='block_1_18' title="bbox 878 1050 1654 1222">
    <p class='ocr_par' dir='ltr' id='par_1_20' title="bbox 878 1050 1654 1222">
     <span class='ocr_line' id='line_1_61' title="bbox 938 1050 1624 1105; baseline 0.006 -14"><span class='ocrx_word' id='word_1_285' title='bbox 938 1052 1029 1091; x_wconf 84' lang='lat' dir='ltr'>Non</span> <span class='ocrx_word' id='word_1_286' title='bbox 1051 1050 1166 1092; x_wconf 79' lang='lat' dir='ltr'>valde</span> <span class='ocrx_word' id='word_1_287' title='bbox 1191 1062 1227 1091; x_wconf 87' lang='lat' dir='ltr'>te</span> <span class='ocrx_word' id='word_1_288' title='bbox 1256 1050 1406 1105; x_wconf 71' lang='lat' dir='ltr'>iaHas]</span> <span class='ocrx_word' id='word_1_289' title='bbox 1436 1054 1624 1096; x_wconf 85' lang='lat' dir='ltr'>Nondum</span> 
     </span>
     <span class='ocr_line' id='line_1_62' title="bbox 878 1103 1654 1168; baseline 0.005 -19"><span class='ocrx_word' id='word_1_290' title='bbox 878 1107 1033 1149; x_wconf 88' lang='lat' dir='ltr'>Coelius</span> <span class='ocrx_word' id='word_1_291' title='bbox 1062 1108 1110 1147; x_wconf 92' lang='lat' dir='ltr'>ad</span> <span class='ocrx_word' id='word_1_292' title='bbox 1147 1103 1323 1149; x_wconf 57' lang='lat' dir='ltr'>Caesaris*</span> <span class='ocrx_word' id='word_1_293' title='bbox 1350 1109 1508 1152; x_wconf 87' lang='lat' dir='ltr'>caussam</span> <span class='ocrx_word' id='word_1_294' title='bbox 1533 1126 1624 1168; x_wconf 86' lang='lat' dir='ltr'>pro·</span> <span class='ocrx_word' id='word_1_295' title='bbox 1652 1104 1654 1107; x_wconf 34' lang='lat'>⁵</span> 
     </span>
     <span class='ocr_line' id='line_1_63' title="bbox 879 1165 1083 1222; baseline -0.015 -15"><span class='ocrx_word' id='word_1_296' title='bbox 879 1165 1083 1222; x_wconf 81' lang='lat' dir='ltr'>pendebat.</span> 
     </span>
    </p>
   </div>
   <div class='ocr_carea' id='block_1_19' title="bbox 937 1249 1625 1310">
    <p class='ocr_par' dir='ltr' id='par_1_21' title="bbox 937 1249 1625 1310">
     <span class='ocr_line' id='line_1_64' title="bbox 937 1249 1625 1310; baseline 0.007 -19"><span class='ocrx_word' id='word_1_297' title='bbox 937 1253 1062 1292; x_wconf 85' lang='lat' dir='ltr'>Bonus</span> <span class='ocrx_word' id='word_1_298' title='bbox 1093 1249 1213 1305; x_wconf 82' lang='lat' dir='ltr'><em>ciuis]</em></span> <span class='ocrx_word' id='word_1_299' title='bbox 1243 1253 1363 1292; x_wconf 82' lang='lat' dir='ltr'>Faues</span> <span class='ocrx_word' id='word_1_300' title='bbox 1395 1255 1495 1293; x_wconf 88' lang='lat' dir='ltr'>enim</span> <span class='ocrx_word' id='word_1_301' title='bbox 1524 1257 1625 1310; x_wconf 88' lang='lat' dir='ltr'>opti·</span> 
     </span>
    </p>
   </div>
   <div class='ocr_carea' id='block_1_20' title="bbox 880 1307 1695 1364">
    <p class='ocr_par' dir='ltr' id='par_1_22' title="bbox 880 1307 1695 1364">
     <span class='ocr_line' id='line_1_65' title="bbox 880 1307 1695 1364; baseline 0.004 -14"><span class='ocrx_word' id='word_1_302' title='bbox 880 1310 1057 1356; x_wconf 71' lang='lat' dir='ltr'>mafibus,</span> <span class='ocrx_word' id='word_1_303' title='bbox 1076 1318 1113 1348; x_wconf 85' lang='lat' dir='ltr'>et</span> <span class='ocrx_word' id='word_1_304' title='bbox 1132 1307 1298 1356; x_wconf 83' lang='lat' dir='ltr'>senatui3</span> <span class='ocrx_word' id='word_1_305' title='bbox 1327 1312 1417 1364; x_wconf 90' lang='lat' dir='ltr'>quia</span> <span class='ocrx_word' id='word_1_306' title='bbox 1435 1311 1639 1353; x_wconf 66' lang='lat' dir='ltr'>Caesaria-.,</span> <span class='ocrx_word' id='word_1_307' title='bbox 1683 1353 1695 1359; x_wconf 77' lang='grc'>,</span> 
     </span>
    </p>
   </div>
   <div class='ocr_carea' id='block_1_21' title="bbox 877 1365 1626 1813">
    <p class='ocr_par' dir='ltr' id='par_1_23' title="bbox 877 1365 1626 1813">
     <span class='ocr_line' id='line_1_66' title="bbox 880 1365 1622 1423; baseline 0.004 -16"><span class='ocrx_word' id='word_1_308' title='bbox 880 1371 951 1407; x_wconf 78' lang='lat' dir='ltr'>n&#39;os</span> <span class='ocrx_word' id='word_1_309' title='bbox 980 1366 1154 1405; x_wconf 83' lang='lat' dir='ltr'>homines</span> <span class='ocrx_word' id='word_1_310' title='bbox 1186 1365 1336 1416; x_wconf 80' lang='lat' dir='ltr'>diligis,</span> <span class='ocrx_word' id='word_1_311' title='bbox 1381 1370 1622 1423; x_wconf 84' lang='lat' dir='ltr'>maximeque</span> 
     </span>
     <span class='ocr_line' id='line_1_67' title="bbox 879 1424 1623 1471; baseline 0.007 -8"><span class='ocrx_word' id='word_1_312' title='bbox 879 1427 920 1463; x_wconf 93' lang='lat' dir='ltr'>C.</span> <span class='ocrx_word' id='word_1_313' title='bbox 954 1424 1165 1463; x_wconf 84' lang='lat' dir='ltr'>Curionem</span> <span class='ocrx_word' id='word_1_314' title='bbox 1181 1453 1193 1471; x_wconf 90' lang='lat'><em>‚</em></span> <span class='ocrx_word' id='word_1_315' title='bbox 1238 1434 1275 1463; x_wconf 87' lang='lat' dir='ltr'>et</span> <span class='ocrx_word' id='word_1_316' title='bbox 1310 1426 1362 1463; x_wconf 89' lang='lat' dir='ltr'>M.</span> <span class='ocrx_word' id='word_1_317' title='bbox 1400 1428 1623 1469; x_wconf 76' lang='lat' dir='ltr'>Antonium.</span> 
     </span>
     <span class='ocr_line' id='line_1_68' title="bbox 880 1478 1622 1537; baseline 0.004 -17"><span class='ocrx_word' id='word_1_318' title='bbox 880 1479 1084 1533; x_wconf 75' lang='lat' dir='ltr'>Scripserat</span> <span class='ocrx_word' id='word_1_319' title='bbox 1095 1482 1195 1518; x_wconf 85' lang='lat' dir='ltr'>enim</span> <span class='ocrx_word' id='word_1_320' title='bbox 1217 1478 1371 1520; x_wconf 89' lang='lat' dir='ltr'>Coelius</span> <span class='ocrx_word' id='word_1_321' title='bbox 1391 1480 1455 1522; x_wconf 92' lang='lat' dir='ltr'>lib.</span> <span class='ocrx_word' id='word_1_322' title='bbox 1467 1487 1505 1532; x_wconf 77' lang='lat'>8.</span> <span class='ocrx_word' id='word_1_323' title='bbox 1518 1486 1622 1537; x_wconf 85' lang='lat' dir='ltr'>epist.</span> 
     </span>
     <span class='ocr_line' id='line_1_69' title="bbox 884 1537 1622 1594; baseline 0.003 -17"><span class='ocrx_word' id='word_1_324' title='bbox 884 1550 948 1593; x_wconf 81' lang='lat'>14.</span> <span class='ocrx_word' id='word_1_325' title='bbox 1008 1537 1194 1577; x_wconf 75' lang='lat' dir='ltr'>Mearmn</span> <span class='ocrx_word' id='word_1_326' title='bbox 1223 1551 1354 1576; x_wconf 83' lang='lat' dir='ltr'>rerum</span> <span class='ocrx_word' id='word_1_327' title='bbox 1383 1539 1481 1593; x_wconf 75' lang='lat' dir='ltr'>qnid</span> <span class='ocrx_word' id='word_1_328' title='bbox 1507 1541 1622 1594; x_wconf 70' lang='lat' dir='ltr'>0073fi·</span> 
     </span>
     <span class='ocr_line' id='line_1_70' title="bbox 879 1595 1626 1648; baseline 0.004 -12"><span class='ocrx_word' id='word_1_329' title='bbox 879 1595 928 1636; x_wconf 76' lang='lat' dir='ltr'>lii</span> <span class='ocrx_word' id='word_1_330' title='bbox 945 1595 1110 1648; x_wconf 75' lang='lat' dir='ltr'>capiam,</span> <span class='ocrx_word' id='word_1_331' title='bbox 1121 1607 1194 1632; x_wconf 90' lang='lat' dir='ltr'>non</span> <span class='ocrx_word' id='word_1_332' title='bbox 1211 1596 1368 1647; x_wconf 82' lang='lat' dir='ltr'>reperio.</span> <span class='ocrx_word' id='word_1_333' title='bbox 1429 1596 1539 1636; x_wconf 82' lang='lat' dir='ltr'>Nam</span> <span class='ocrx_word' id='word_1_334' title='bbox 1555 1601 1626 1638; x_wconf 82' lang='lat' dir='ltr'>mi-</span> 
     </span>
     <span class='ocr_line' id='line_1_71' title="bbox 879 1649 1625 1708; baseline 0.005 -17"><span class='ocrx_word' id='word_1_335' title='bbox 879 1652 920 1692; x_wconf 80' lang='lat' dir='ltr'>hi</span> <span class='ocrx_word' id='word_1_336' title='bbox 939 1665 1023 1691; x_wconf 77' lang='lat' dir='ltr'>cum</span> <span class='ocrx_word' id='word_1_337' title='bbox 1045 1649 1255 1692; x_wconf 76' lang='lat' dir='ltr'>hominibus</span> <span class='ocrx_word' id='word_1_338' title='bbox 1286 1650 1345 1690; x_wconf 80' lang='lat' dir='ltr'>his</span> <span class='ocrx_word' id='word_1_339' title='bbox 1372 1662 1412 1691; x_wconf 82' lang='lat' dir='ltr'>ct</span> <span class='ocrx_word' id='word_1_340' title='bbox 1425 1655 1563 1708; x_wconf 73' lang='lat' dir='ltr'>gratia</span> <span class='ocrx_word' id='word_1_341' title='bbox 1584 1667 1625 1695; x_wconf 80' lang='lat' dir='ltr'>et</span> 
     </span>
     <span class='ocr_line' id='line_1_72' title="bbox 877 1705 1622 1764; baseline 0.007 -16"><span class='ocrx_word' id='word_1_342' title='bbox 877 1705 1100 1762; x_wconf 66' lang='lat' dir='ltr'>necfffitudo</span> <span class='ocrx_word' id='word_1_343' title='bbox 1146 1706 1198 1764; x_wconf 83' lang='lat' dir='ltr'>est</span> <span class='ocrx_word' id='word_1_344' title='bbox 1210 1723 1224 1757; x_wconf 87' lang='grc'>,-</span> <span class='ocrx_word' id='word_1_345' title='bbox 1282 1717 1365 1747; x_wconf 75' lang='lat' dir='ltr'>tmn</span> <span class='ocrx_word' id='word_1_346' title='bbox 1380 1707 1554 1763; x_wconf 55' lang='lat' dir='ltr'>“cazfffitm</span> <span class='ocrx_word' id='word_1_347' title='bbox 1577 1713 1622 1753; x_wconf 79' lang='lat' dir='ltr'>il-</span> 
     </span>
     <span class='ocr_line' id='line_1_73' title="bbox 880 1763 1346 1813; baseline 0 -7"><span class='ocrx_word' id='word_1_348' title='bbox 880 1766 973 1813; x_wconf 86' lang='lat' dir='ltr'>lam,</span> <span class='ocrx_word' id='word_1_349' title='bbox 992 1779 1068 1806; x_wconf 84' lang='lat' dir='ltr'>non</span> <span class='ocrx_word' id='word_1_350' title='bbox 1085 1763 1253 1804; x_wconf 83' lang='lat' dir='ltr'>homines</span> <span class='ocrx_word' id='word_1_351' title='bbox 1270 1763 1346 1807; x_wconf 82' lang='lat' dir='ltr'>odi.</span> 
     </span>
    </p>
   </div>
   <div class='ocr_carea' id='block_1_22' title="bbox 878 1846 1627 2557">
    <p class='ocr_par' dir='ltr' id='par_1_24' title="bbox 878 1846 1625 2003">
     <span class='ocr_line' id='line_1_74' title="bbox 936 1846 1625 1907; baseline 0.007 -18"><span class='ocrx_word' id='word_1_352' title='bbox 936 1846 1128 1900; x_wconf 86' lang='lat' dir='ltr'>Coelium]</span> <span class='ocrx_word' id='word_1_353' title='bbox 1161 1850 1204 1888; x_wconf 95' lang='lat' dir='ltr'>C.</span> <span class='ocrx_word' id='word_1_354' title='bbox 1225 1847 1417 1897; x_wconf 77' lang='lat' dir='ltr'>Coelium,</span> <span class='ocrx_word' id='word_1_355' title='bbox 1440 1852 1488 1893; x_wconf 88' lang='lat' dir='ltr'>ad</span> <span class='ocrx_word' id='word_1_356' title='bbox 1508 1868 1625 1907; x_wconf 87' lang='lat' dir='ltr'>quem</span> 
     </span>
     <span class='ocr_line' id='line_1_75' title="bbox 878 1893 1623 1960; baseline 0.009 -15"><span class='ocrx_word' id='word_1_357' title='bbox 878 1893 1007 1946; x_wconf 68' lang='lat' dir='ltr'>Teribit</span> <span class='ocrx_word' id='word_1_358' title='bbox 1049 1904 1246 1960; x_wconf 77' lang='lat' dir='ltr'>epistolam</span> <span class='ocrx_word' id='word_1_359' title='bbox 1287 1904 1463 1950; x_wconf 78' lang='lat' dir='ltr'>Vltimam</span> <span class='ocrx_word' id='word_1_360' title='bbox 1509 1911 1623 1952; x_wconf 85' lang='lat' dir='ltr'>huius</span> 
     </span>
     <span class='ocr_line' id='line_1_76' title="bbox 878 1962 982 2003; baseline 0 0"><span class='ocrx_word' id='word_1_361' title='bbox 878 1962 982 2003; x_wconf 88' lang='lat' dir='ltr'>libri.</span> 
     </span>
    </p>

    <p class='ocr_par' dir='ltr' id='par_1_25' title="bbox 879 2046 1627 2557">
     <span class='ocr_line' id='line_1_77' title="bbox 935 2046 1623 2105; baseline 0.001 -15"><span class='ocrx_word' id='word_1_362' title='bbox 935 2046 1168 2102; x_wconf 81' lang='lat' dir='ltr'>Praepql&#39;ut‘]</span> <span class='ocrx_word' id='word_1_363' title='bbox 1201 2051 1264 2095; x_wconf 73' lang='lat' dir='ltr'>Vt,</span> <span class='ocrx_word' id='word_1_364' title='bbox 1285 2058 1435 2103; x_wconf 84' lang='lat' dir='ltr'>praeter</span> <span class='ocrx_word' id='word_1_365' title='bbox 1452 2052 1623 2105; x_wconf 83' lang='lat' dir='ltr'>quaesto-</span> 
     </span>
     <span class='ocr_line' id='line_1_78' title="bbox 879 2106 1624 2162; baseline 0.004 -15"><span class='ocrx_word' id='word_1_366' title='bbox 879 2109 976 2147; x_wconf 90' lang='lat' dir='ltr'>riam</span> <span class='ocrx_word' id='word_1_367' title='bbox 992 2106 1236 2160; x_wconf 81' lang='lat' dir='ltr'>potestatem,</span> <span class='ocrx_word' id='word_1_368' title='bbox 1262 2107 1488 2148; x_wconf 68' lang='lat' dir='ltr'>anaoritate</span> <span class='ocrx_word' id='word_1_369' title='bbox 1508 2118 1624 2162; x_wconf 86' lang='lat' dir='ltr'>atque</span> 
     </span>
     <span class='ocr_line' id='line_1_79' title="bbox 879 2160 1624 2218; baseline 0.003 -14"><span class='ocrx_word' id='word_1_370' title='bbox 879 2165 1044 2218; x_wconf 90' lang='lat' dir='ltr'>imperio</span> <span class='ocrx_word' id='word_1_371' title='bbox 1063 2160 1302 2215; x_wconf 79' lang='lat' dir='ltr'>proconsulis</span> <span class='ocrx_word' id='word_1_372' title='bbox 1322 2172 1504 2204; x_wconf 86' lang='lat' dir='ltr'>vteretur.</span> <span class='ocrx_word' id='word_1_373' title='bbox 1543 2179 1624 2218; x_wconf 86' lang='lat' dir='ltr'>quo</span> 
     </span>
     <span class='ocr_line' id='line_1_80' title="bbox 880 2219 1627 2272; baseline 0.001 -11"><span class='ocrx_word' id='word_1_374' title='bbox 880 2221 1000 2261; x_wconf 80' lang='lat' dir='ltr'>modo</span> <span class='ocrx_word' id='word_1_375' title='bbox 1019 2221 1121 2259; x_wconf 87' lang='lat' dir='ltr'>enim</span> <span class='ocrx_word' id='word_1_376' title='bbox 1134 2219 1209 2258; x_wconf 81' lang='lat' dir='ltr'>fine</span> <span class='ocrx_word' id='word_1_377' title='bbox 1227 2219 1406 2272; x_wconf 84' lang='lat' dir='ltr'>imperio,</span> <span class='ocrx_word' id='word_1_378' title='bbox 1433 2221 1460 2260; x_wconf 85' lang='lat' dir='ltr'>si</span> <span class='ocrx_word' id='word_1_379' title='bbox 1478 2235 1538 2261; x_wconf 87' lang='lat' dir='ltr'>res</span> <span class='ocrx_word' id='word_1_380' title='bbox 1549 2222 1627 2262; x_wconf 79' lang='lat' dir='ltr'>fer-</span> 
     </span>
     <span class='ocr_line' id='line_1_81' title="bbox 881 2274 1624 2328; baseline 0.001 -9"><span class='ocrx_word' id='word_1_381' title='bbox 881 2289 953 2326; x_wconf 89' lang='lat' dir='ltr'>ret,</span> <span class='ocrx_word' id='word_1_382' title='bbox 981 2274 1126 2318; x_wconf 85' lang='lat' dir='ltr'>bellum</span> <span class='ocrx_word' id='word_1_383' title='bbox 1140 2287 1273 2325; x_wconf 85' lang='lat' dir='ltr'>gerere</span> <span class='ocrx_word' id='word_1_384' title='bbox 1297 2275 1501 2328; x_wconf 66' lang='lat' dir='ltr'>potuisset?</span> <span class='ocrx_word' id='word_1_385' title='bbox 1533 2279 1624 2320; x_wconf 88' lang='lat' dir='ltr'>ideo</span> 
     </span>
     <span class='ocr_line' id='line_1_82' title="bbox 881 2330 1625 2389; baseline 0.001 -14"><span class='ocrx_word' id='word_1_386' title='bbox 881 2337 920 2379; x_wconf 82' lang='lat' dir='ltr'>P.</span> <span class='ocrx_word' id='word_1_387' title='bbox 944 2335 1089 2374; x_wconf 87' lang='lat' dir='ltr'>Sextius</span> <span class='ocrx_word' id='word_1_388' title='bbox 1111 2330 1316 2386; x_wconf 85' lang='lat' dir='ltr'>proconsul</span> <span class='ocrx_word' id='word_1_389' title='bbox 1337 2334 1572 2376; x_wconf 87' lang='lat' dir='ltr'>vocaturlib.</span> <span class='ocrx_word' id='word_1_390' title='bbox 1587 2347 1625 2389; x_wconf 78' lang='grc' dir='ltr'>ς.</span> 
     </span>
     <span class='ocr_line' id='line_1_83' title="bbox 882 2389 1626 2446; baseline 0.003 -15"><span class='ocrx_word' id='word_1_391' title='bbox 882 2392 987 2446; x_wconf 87' lang='lat' dir='ltr'>epist.</span> <span class='ocrx_word' id='word_1_392' title='bbox 1023 2392 1061 2433; x_wconf 91' lang='lat'>6.</span> <span class='ocrx_word' id='word_1_393' title='bbox 1096 2389 1165 2442; x_wconf 85' lang='lat' dir='ltr'>qui</span> <span class='ocrx_word' id='word_1_394' title='bbox 1201 2398 1329 2428; x_wconf 87' lang='lat' dir='ltr'>tamen</span> <span class='ocrx_word' id='word_1_395' title='bbox 1370 2393 1546 2443; x_wconf 83' lang='lat' dir='ltr'>quaestor</span> <span class='ocrx_word' id='word_1_396' title='bbox 1579 2394 1626 2434; x_wconf 79' lang='lat' dir='ltr'>in</span> 
     </span>
     <span class='ocr_line' id='line_1_84' title="bbox 882 2443 1625 2502; baseline 0.003 -14"><span class='ocrx_word' id='word_1_397' title='bbox 882 2447 1122 2502; x_wconf 83' lang='lat' dir='ltr'>prouinciam</span> <span class='ocrx_word' id='word_1_398' title='bbox 1159 2443 1352 2497; x_wconf 64' lang='lat' dir='ltr'>profeaus</span> <span class='ocrx_word' id='word_1_399' title='bbox 1391 2457 1484 2488; x_wconf 86' lang='lat' dir='ltr'>erat.</span> <span class='ocrx_word' id='word_1_400' title='bbox 1540 2451 1625 2490; x_wconf 88' lang='lat' dir='ltr'>Nee</span> 
     </span>
     <span class='ocr_line' id='line_1_85' title="bbox 881 2500 1624 2557; baseline 0.003 -13"><span class='ocrx_word' id='word_1_401' title='bbox 881 2500 1221 2547; x_wconf 81' lang='lat' dir='ltr'>aduersaturillud</span> <span class='ocrx_word' id='word_1_402' title='bbox 1255 2500 1325 2541; x_wconf 83' lang='lat' dir='ltr'>lib.</span> <span class='ocrx_word' id='word_1_403' title='bbox 1346 2513 1388 2557; x_wconf 87' lang='lat'>7.</span> <span class='ocrx_word' id='word_1_404' title='bbox 1423 2504 1472 2544; x_wconf 82' lang='lat' dir='ltr'>ad</span> <span class='ocrx_word' id='word_1_405' title='bbox 1509 2507 1624 2546; x_wconf 82' lang='lat' dir='ltr'>Attic.</span> 
     </span>
    </p>
   </div>
   <div class='ocr_carea' id='block_1_23' title="bbox 850 2558 1626 2672">
    <p class='ocr_par' dir='ltr' id='par_1_26' title="bbox 850 2558 1626 2672">
     <span class='ocr_line' id='line_1_86' title="bbox 850 2558 1626 2614; baseline 0.006 -17"><span class='ocrx_word' id='word_1_406' title='bbox 850 2594 858 2597; x_wconf 35' lang='lat' dir='ltr'><em>s</em></span> <span class='ocrx_word' id='word_1_407' title='bbox 882 2562 986 2614; x_wconf 86' lang='lat' dir='ltr'>epist.</span> <span class='ocrx_word' id='word_1_408' title='bbox 1007 2571 1048 2613; x_wconf 90' lang='lat'>7.</span> <span class='ocrx_word' id='word_1_409' title='bbox 1118 2558 1309 2598; x_wconf 80' lang='lat' dir='ltr'>Senatum</span> <span class='ocrx_word' id='word_1_410' title='bbox 1328 2558 1465 2601; x_wconf 84' lang='lat' dir='ltr'>bonum</span> <span class='ocrx_word' id='word_1_411' title='bbox 1492 2574 1626 2614; x_wconf 77' lang='lat' dir='ltr'>putas,</span> 
     </span>
     <span class='ocr_line' id='line_1_87' title="bbox 854 2613 1626 2672; baseline 0.003 -15"><span class='ocrx_word' id='word_1_412' title='bbox 854 2625 858 2628; x_wconf 84' lang='grc'><strong>’</strong></span> <span class='ocrx_word' id='word_1_413' title='bbox 879 2631 946 2672; x_wconf 85' lang='lat' dir='ltr'>per</span> <span class='ocrx_word' id='word_1_414' title='bbox 979 2629 1087 2671; x_wconf 83' lang='lat' dir='ltr'>quem</span> <span class='ocrx_word' id='word_1_415' title='bbox 1100 2613 1195 2666; x_wconf 42' lang='lat' dir='ltr'>‚fine</span> <span class='ocrx_word' id='word_1_416' title='bbox 1221 2614 1376 2666; x_wconf 66' lang='lat' dir='ltr'>imperio</span> <span class='ocrx_word' id='word_1_417' title='bbox 1398 2620 1626 2670; x_wconf 76' lang='lat' dir='ltr'>prouinciae</span> 
     </span>
    </p>
   </div>
   <div class='ocr_carea' id='block_1_24' title="bbox 871 2671 1628 2840">
    <p class='ocr_par' dir='ltr' id='par_1_27' title="bbox 871 2671 1628 2840">
     <span class='ocr_line' id='line_1_88' title="bbox 871 2671 1626 2728; baseline 0 -15"><span class='ocrx_word' id='word_1_418' title='bbox 871 2674 997 2726; x_wconf 80' lang='lat' dir='ltr'>sunt?</span> <span class='ocrx_word' id='word_1_419' title='bbox 1024 2675 1124 2712; x_wconf 87' lang='lat' dir='ltr'>Nam</span> <span class='ocrx_word' id='word_1_420' title='bbox 1144 2671 1320 2719; x_wconf 81' lang='lat' dir='ltr'>fignificat</span> <span class='ocrx_word' id='word_1_421' title='bbox 1338 2687 1426 2721; x_wconf 85' lang='lat' dir='ltr'>eos,</span> <span class='ocrx_word' id='word_1_422' title='bbox 1447 2687 1544 2728; x_wconf 83' lang='lat' dir='ltr'>quos</span> <span class='ocrx_word' id='word_1_423' title='bbox 1572 2673 1626 2714; x_wconf 89' lang='lat' dir='ltr'>se·</span> 
     </span>
     <span class='ocr_line' id='line_1_89' title="bbox 884 2726 1625 2786; baseline 0.001 -17"><span class='ocrx_word' id='word_1_424' title='bbox 884 2740 1017 2776; x_wconf 86' lang='lat' dir='ltr'>natus,</span> <span class='ocrx_word' id='word_1_425' title='bbox 1060 2726 1302 2786; x_wconf 66' lang='lat' dir='ltr'>populusque</span> <span class='ocrx_word' id='word_1_426' title='bbox 1345 2745 1429 2769; x_wconf 87' lang='lat' dir='ltr'>eum</span> <span class='ocrx_word' id='word_1_427' title='bbox 1459 2733 1625 2784; x_wconf 84' lang='lat' dir='ltr'>imperio</span> 
     </span>
     <span class='ocr_line' id='line_1_90' title="bbox 882 2783 1628 2840; baseline -0.003 -13"><span class='ocrx_word' id='word_1_428' title='bbox 882 2789 1034 2827; x_wconf 87' lang='lat' dir='ltr'>mittere</span> <span class='ocrx_word' id='word_1_429' title='bbox 1055 2783 1270 2826; x_wconf 64' lang='lat' dir='ltr'>consuesset</span> <span class='ocrx_word' id='word_1_430' title='bbox 1294 2798 1494 2840; x_wconf 81' lang='lat' dir='ltr'>praeerant</span> <span class='ocrx_word' id='word_1_431' title='bbox 1525 2789 1628 2826; x_wconf 88' lang='lat' dir='ltr'>enim</span> 
     </span>
    </p>
   </div>
   <div class='ocr_carea' id='block_1_25' title="bbox 941 2844 1629 2898">
    <p class='ocr_par' dir='ltr' id='par_1_28' title="bbox 941 2844 1629 2898">
     <span class='ocr_line' id='line_1_91' title="bbox 941 2844 1629 2898; baseline 0.001 -1"><span class='ocrx_word' id='word_1_432' title='bbox 941 2844 988 2886; x_wconf 86' lang='lat' dir='ltr'>M</span> <span class='ocrx_word' id='word_1_433' title='bbox 1018 2854 1042 2897; x_wconf 88' lang='lat'>5</span> <span class='ocrx_word' id='word_1_434' title='bbox 1514 2857 1629 2898; x_wconf 47' lang='lat' dir='ltr'>quae*</span> 
     </span>
    </p>
   </div>
  </div>
 </body>
</html>
