1863 3172
343 90 412 132 m
440 87 555 129 cxc.
585 88 782 130 εΡΙετ.
816 73 953 130 rm.
994 91 1207 134 [ηψπ.
1254 91 1447 133 εΡιςτ.
1476 94 1521 133 x.

138 205 271 251 Ahena
324 200 412 249 duo,
462 202 580 243 haras
631 204 776 249 decem,
814 201 876 256 fo-

139 278 246 310 cum,
273 263 424 301 ianuam
454 261 679 301 maximam.
733 259 875 300 Eodem

138 319 244 361 sensu
266 319 448 357 Horatius
478 316 546 357 lib.
562 329 597 359 1.
623 320 742 358 serm.
762 316 874 370 [εις.

136 392 173 417 v.
188 391 208 431 7
213 388 251 430 9.

329 444 426 498 Njft
437 459 502 484 nor
518 445 646 485 vicitm
668 444 818 484 Triuici

191 503 300 545 Villa
331 498 532 557 receptſjen
555 500 763 552 lac-rumoso
798 513 872 540 non

283 557 374 612 JIne
384 558 508 611 fumo,

189 615 293 657 Vdos
321 629 405 656 cum
428 615 539 666 foliis
565 628 696 655 ramos
733 624 869 655 vrente

296 674 459 713 camino.

126 746 172 785 Et
191 743 256 784 lib.
272 756 305 786 1.
320 744 423 798 epist.
440 754 502 784 11.
522 752 637 795 *⁸¹9-

182 817 259 859 Per
291 815 467 857 brumam
506 812 681 862 Tiberis,
725 814 866 855 Sextili

293 871 416 922 meuse
433 873 615 911 caminus.

123 948 182 987 De
200 946 272 985 hoc
289 944 402 984 tertio
421 956 571 992 genere,
593 953 671 995 quo
692 941 860 979 caminus

123 1004 251 1042 noster
281 999 472 1041 vocabulo
511 997 638 1038 saltem
676 997 865 1044 refertur,

121 1073 190 1099 nec
212 1057 341 1105 multa,
366 1072 433 1096 nee
452 1058 503 1096 ita
522 1070 640 1110 pauca
661 1054 795 1100 dicam,
808 1064 861 1101 vt,

121 1119 190 1169 qui
226 1117 454 1168 antiquitate
489 1116 703 1165 capiuntur,
734 1110 859 1163 aliqua

120 1188 166 1213 ex
187 1185 292 1227 parte
310 1172 479 1212 contenti
501 1168 572 1210 esse
583 1170 731 1226 poffint.
756 1171 859 1207 Loco

120 1243 158 1272 et
179 1231 302 1270 forma
322 1228 548 1269 differebant
567 1241 588 1266 a
611 1228 753 1265 nostro.
779 1239 859 1264 non

118 1290 235 1335 enim,
255 1298 297 1326 vt
317 1301 430 1332 nunc,
451 1287 492 1323 in
502 1295 682 1324 excauato
700 1284 858 1336 pariete,

117 1360 196 1399 quo
216 1343 322 1385 fimul
350 1358 433 1382 cum
462 1341 569 1380 fumo
602 1341 699 1390 ignis
722 1340 859 1391 exeipi-

115 1414 192 1450 tur,
220 1401 296 1449 sed,
329 1411 370 1440 vt
401 1412 559 1439 monere
586 1397 766 1437 videntur
797 1410 858 1435 ex-

114 1458 253 1513 empla,
271 1460 311 1497 in
330 1457 455 1496 medio
484 1454 660 1511 cubiculo
681 1455 857 1501 hiberno,

115 1517 221 1570 quod
251 1513 431 1555 conclaue
458 1511 666 1558 dicebatur,
687 1513 796 1564 (nam
815 1511 856 1548 in

114 1575 264 1614 aestiuis
315 1583 351 1612 et
391 1569 564 1610 exhedris
607 1568 738 1608 focum
775 1581 855 1606 non

115 1630 238 1677 finiit,
256 1629 448 1678 colligitur
467 1641 512 1666 ex
534 1627 716 1666 Vitruuio
736 1623 852 1676 lib.7.

114 1704 146 1728 c.
160 1688 218 1738 3.)
248 1688 330 1726 fieri
351 1684 534 1726 solebant.
572 1692 774 1736 propterea
797 1681 852 1719 di-

114 1747 171 1785 xit
190 1747 285 1784 Cato
307 1743 352 1782 de
378 1756 419 1781 re
441 1742 529 1781 rust.
553 1754 581 1779 e.
596 1750 684 1791 143.
713 1739 852 1779 Focum

108 1815 251 1858 purum
261 1798 554 1848 circumuerficm
563 1795 734 1853 quotidie
743 1797 853 1847 prius

107 1872 225 1916 quam
237 1856 404 1899 cubitum
416 1866 492 1901 eat,
500 1853 650 1893 habeat.
669 1856 758 1902 Quo
770 1867 852 1891 mo—

44 1960 50 1966 *
113 1915 165 1954 do
181 1917 282 1955 enim
296 1911 538 1953 circumuerti
553 1909 660 1949 focus
680 1907 848 1963 possem]

107 1971 256 2021 fuiss'et,
282 1985 389 2011 more
415 1969 557 2019 nostro,
596 1969 638 2006 in
666 1977 846 2007 excauato

108 2031 275 2084 pariete?
304 2027 421 2067 nostri
448 2039 469 2064 a
488 2023 669 2063 lateribus
688 2038 845 2064 verrun-

106 2099 185 2134 tur,
205 2101 226 2126 a
247 2097 353 2133 tergo
373 2096 439 2122 nec
458 2078 622 2134 possunt,
651 2095 718 2120 nec
747 2095 841 2134 opus

105 2145 170 2184 est.
226 2145 270 2182 Et
298 2156 382 2180 cum
402 2141 454 2178 ait
464 2135 678 2179 Columella
698 2136 763 2177 lib.
777 2149 841 2179 11.

105 2215 140 2240 c:
155 2213 186 2242 1.
228 2198 449 2250 Confitefhat
468 2193 631 2251 rusticus
659 2196 764 2234 circa
785 2195 842 2234 ln·

104 2271 186 2298 rem
203 2255 358 2303 domini,
379 2253 583 2306 foc-umque
596 2247 840 2302 familiarem

96 2315 244 2368 semper
263 2312 439 2366 epulari:
467 2307 558 2360 quid
580 2305 682 2346 aliud
706 2308 838 2357 fignifi-

102 2382 173 2419 cat,
194 2371 259 2410 nisi
278 2369 395 2409 larem
413 2375 450 2407 et
460 2364 601 2410 focum,
617 2365 713 2403 circa
725 2378 837 2417 quem

100 2426 322 2482 epularetur
341 2422 483 2465 familia
500 2422 647 2467 rustica,
670 2421 836 2459 medium

101 2486 145 2524 in
168 2482 338 2524 conclaui
359 2481 485 2522 locum
513 2476 695 2519 tenuisse?
723 2480 836 2517 Nunc

100 2550 236 2590 agatur
261 2540 307 2580 de
332 2537 469 2579 forma.
555 2536 705 2575 Exitum
736 2536 834 2583 ignis

101 2599 270 2637 caminus
302 2598 492 2649 ‘antiquus
539 2607 617 2632 non
658 2591 836 2630 habebat.

97 2656 228 2707 itaque
263 2652 431 2693 molestia
468 2649 566 2691 fumi
591 2663 723 2690 vacare
757 2661 836 2686 non

98 2722 263 2765 poterat,
275 2711 341 2748 nisi
357 2708 417 2747 vel
436 2706 535 2756 ligna
553 2718 718 2753 vrerent‚
730 2701 836 2758 quod

98 2769 196 2811 Cato
214 2768 354 2815 docuit,
364 2774 513 2805 amurca
531 2762 639 2812 illita,
651 2762 711 2805 vel
733 2775 837 2816 aper-

1593 103 1678 174 4315

932 207 977 244 tis
999 205 1170 246 fenestris
1188 216 1407 246 vterentur:
1436 221 1602 260 quorum
1623 207 1672 247 al-

930 273 1055 303 terum
1080 263 1269 317 impensae
1293 279 1371 302 non
1391 266 1591 303 minimae:
1622 264 1671 304 al-

932 330 1055 360 terum
1077 323 1142 374 qui
1167 320 1261 360 ferri
1277 321 1408 374 posset,
1429 336 1513 360 cum
1532 336 1600 375 per
1620 321 1670 361 fc·

930 380 1090 426 nestras,
1116 372 1242 416 h'ieme
1271 378 1504 431 praesertim,
1534 378 1669 427 frigori

928 446 965 477 et
988 438 1112 474 ventis
1137 434 1259 473 aditus
1279 446 1435 488 pateret,
1460 450 1537 474 non
1559 434 1666 474 intel-

927 489 1018 540 ligo.
1100 492 1170 530 Sed
1191 501 1289 530 certe
1317 494 1511 538 Horatius,
1539 493 1668 532 lacru-

925 550 1023 594 most)
1045 563 1118 587 non
1127 549 1217 602 sine
1229 548 1354 600 fumo,
1371 563 1455 587 cum
1476 548 1583 596 dixit,
1604 562 1663 587 ex—

924 606 982 643 itu
1013 608 1201 644 caminum
1236 605 1389 644 caruisse
1420 606 1660 645 demonstrat.

922 661 1076 701 Clarior
1103 662 1193 701 haec
1224 671 1301 701 tota
1325 676 1383 700 res
1404 664 1465 702 fiet
1494 662 1660 701 aliorum

922 721 1167 758 testimoniis:
1196 733 1282 757 nam
1303 734 1380 758 vno
1401 730 1569 759 remanet
1591 721 1659 759 ob-

922 776 1078 816 scurior.
1163 774 1376 816 Columella
1419 775 1484 815 lib.
1501 789 1535 818 1.
1575 791 1604 815 c.
1618 779 1656 819 6.

920 835 1071 880 Ol-fum,
1082 833 1314 888 quodminus
1330 837 1519 888 prouenit,
1523 832 1561 885 fi
1575 847 1658 872 con-

909 892 1084 947 gelatur,
1106 890 1307 940 fracescet.
1365 890 1441 930 Sed
1463 903 1505 930 vt
1532 891 1657 930 calore

916 949 1095 987 naturali
1111 947 1162 1002 est
1181 961 1280 1000 opas,
1311 949 1379 1003 qui
1395 948 1580 1004 contingit
1594 959 1656 1000 po-

901 1004 1052 1057 sitione
1087 1006 1197 1051 caeli,
1230 1015 1268 1044 et
1289 1004 1568 1045 declinatione:
1595 1006 1655 1042 ita

916 1076 990 1100 mm
1011 1061 1062 1116 est
1084 1073 1174 1113 opus
1193 1061 1350 1112 ignibus,
1380 1061 1654 1113 autflaemmis:

915 1121 1091 1174 quoniam
1123 1118 1236 1170 fuum
1270 1129 1309 1158 et
1332 1118 1505 1174 sitltgine
1533 1119 1652 1169 sapor

914 1176 986 1214 olei
1001 1177 1270 1223 corrumpitur.
1350 1174 1536 1213 Palladius
1557 1188 1651 1226 quo-

914 1246 989 1284 que
1011 1230 1276 1278 Columellam,
1309 1242 1351 1271 vt
1373 1232 1537 1278 videtur,
1566 1232 1650 1269 imi-

914 1288 1104 1336 tatus,lib.'
1120 1299 1153 1328 l.
1174 1304 1201 1328 c.
1214 1300 1278 1330 20.
1299 1288 1344 1328 de
1364 1288 1456 1327 cella
1475 1287 1650 1341 loquen5‚

913 1347 1073 1393 olearia,
1100 1345 1300 1398 inquit,·fi
1311 1347 1395 1401 quis
1420 1347 1558 1385 maiori
1591 1343 1655 1384 di-.

912 1404 1093 1458 ltgcntiae
1102 1401 1243 1456 studet,
1259 1400 1438 1456 subia‘lis
1456 1402 1542 1441 hinc
1561 1400 1633 1440 ind

910 1461 1096 1499 cuniculis
1120 1461 1343 1511 pauimenta
1359 1457 1583 1512 suspendat,
1611 1468 1650 1496 et

911 1517 1038 1572 ignem
1062 1516 1252 1571 fitggerat
1272 1516 1438 1567 fornace
1450 1514 1646 1565 sicce-msa.

911 1576 970 1613 ita
986 1585 1110 1625 purus
1143 1573 1250 1612 calor
1282 1573 1354 1612 olei
1393 1574 1530 1612 cellum
1552 1572 1645 1624 sine

903 1630 1011 1682 fumi
1029 1628 1160 1671 nicu'ore
1179 1629 1407 1682 vaporabit:
1439 1642 1512 1684 quo
1525 1629 1645 1680 saepe

908 1684 1092 1738 infeflum
1103 1686 1223 1724 colore
1239 1688 1513 1738 coz-rumpitur,
1529 1694 1569 1723 et
1576 1684 1644 1734 fit-

903 1756 1008 1797 pore.
1106 1743 1144 1780 Si
1164 1744 1330 1781 caminus
1357 1743 1486 1781 nostro
1513 1739 1641 1780 fimilis

906 1799 1045 1846 fuisset,
1067 1812 1144 1851 quo
1165 1800 1260 1847 ignis
1281 1813 1366 1838 cum
1391 1798 1500 1838 fumo
1523 1808 1559 1837 et
1586 1797 1643 1836 fu·

906 1855 1023 1905 ligine
1057 1856 1260 1908 excipitur:
1308 1855 1399 1909 quid
1434 1866 1535 1902 erat,
1574 1868 1642 1894 cur

904 1915 1032 1962 ignem
1050 1922 1306 1958 remouerent,
1320 1927 1367 1951 ne
1385 1912 1509 1952 fumus
1529 1922 1566 1950 et
1584 1910 1641 1950 fu·

900 1969 980 2020 ligo
1015 1968 1186 2023 saporem
1220 1968 1297 2008 olei
1332 1971 1642 2021 corrumperent?

899 2026 1042 2066 Eodem
1079 2025 1165 2066 loco
1201 2024 1393 2065 subiunxit
1425 2024 1637 2066 Columella

898 2083 944 2122 de
985 2081 1148 2123 Vtilitate
1190 2083 1338 2129 camini,
1373 2085 1439 2136 qui
1474 2083 1632 2122 vinariis

896 2140 1132 2195 supponatur
1164 2141 1365 2191 apothecis.
1425 2139 1633 2191 Apothecae

894 2197 994 2237 reae
1017 2196 1282 2248 ficpponentur
1312 2198 1360 2235 iis
1384 2196 1498 2245 lacis,
1534 2194 1631 2234 vnde

888 2255 1112 2308 plerumque
1122 2251 1256 2304 smum
1272 2266 1406 2295 earum
1430 2255 1605 2292 exoritur
1618 2268 1631 2288 .-

893 2311 1071 2364 quoniam
1082 2310 1173 2348 vina
1193 2310 1350 2348 celerius
1363 2309 1627 2364 vetustqfieunt,

891 2378 983 2418 quae
1000 2363 1105 2416 fumi
1139 2366 1299 2419 quodam
1325 2376 1453 2418 tepore
1476 2378 1628 2418 praeco·

888 2436 998 2476 quem
1031 2423 1299 2461 maturitatem
1326 2423 1499 2462 trahunt.
1583 2424 1630 2462 Et

890 2477 957 2516 lib.
973 2483 1007 2526 8.
1039 2492 1066 2515 c.
1081 2489 1116 2530 3.
1152 2477 1198 2517 de
1222 2476 1450 2528 gallinariis:
1489 2477 1627 2518 luneio

882 2533 965 2585 sint
983 2547 1028 2572 ea
1053 2534 1189 2586 furum,
1222 2535 1288 2575 vel
1312 2536 1476 2582 culinae,
1502 2547 1545 2574 vt
1572 2534 1628 2574 ad

890 2603 998 2629 auem
1019 2594 1217 2642 perueniat
1227 2593 1375 2641 finnus,
1390 2594 1457 2647 qui
1473 2591 1524 2646 est
1540 2591 1625 2631 huic

884 2647 1016 2703 generi
1034 2650 1234 2700 praecipue
1243 2649 1450 2699 ficltstaris.
1534 2651 1623 2694 Quo

891 2701 1008 2742 modo
1029 2716 1072 2741 ex
1103 2703 1226 2743 culina
1249 2705 1374 2744 fumus
1404 2708 1445 2744 in
1472 2703 1624 2754 gallina-

891 2762 992 2799 rium
1026 2761 1170 2812 transit,
1201 2763 1267 2802 nisi
1296 2765 1386 2816 quia
1417 2776 1485 2816 per
1515 2763 1624 2800 cami-

947 2814 1010 2856 Ff
1029 2829 1058 2867 4
1534 2831 1626 2856 num
