1863 3172
193 95 242 142 88
397 87 620 129 PAVLLI
661 84 948 126 MANVTII

189 201 370 258 pecuniae
371 199 559 253 faciebat.
577 201 622 238 Et
633 197 737 240 lib.2.
756 196 803 235 ad
818 197 927 235 Attic.

195 261 377 314 epist.17.
434 255 550 313 Quid
575 269 668 311 ager
705 255 930 306 Campanus,

193 314 290 368 quid
313 305 444 368 fffi‘sm
473 314 657 364 pecuniae
673 310 931 366 ‚fignfi‘c-ant?

193 369 430 420 Erogandam
466 370 568 408 enim
598 366 706 407 fuisse
736 369 934 420 pecuniam

196 430 236 467 in
253 429 331 476 agri
354 427 539 478 Campani
561 427 806 478 emptionem,
831 436 935 462 vtro-

192 486 311 537 bique
342 481 515 522 ostendit.
573 485 676 522 Haec
703 477 822 530 i¹gitur
848 494 934 533 pars

195 544 277 592 agri
297 541 494 593 Campani,
520 541 624 578 cuius
647 538 781 577 diuino
810 536 936 590 publi-

195 612 275 638 tam
297 599 492 650 pecuniam
514 597 746 648 requirebat,
774 593 931 633 caesare

195 653 362 701 consule,
381 656 446 706 qui
463 652 582 704 legem
603 653 702 699 tulit,
721 650 839 689 dit-,isa
852 664 932 689 non

198 714 272 751 est:
301 725 368 750 nec
390 709 546 749 diuisam
579 719 673 762 puto
704 719 791 746 ante
819 706 933 745 ciuile

194 767 353 809 bellum.
393 767 528 805 Scribit
545 768 646 804 enim
668 766 759 803 haec
778 762 932 802 Coelius
956 795 958 797 ,

200 826 393 870 (iterari,
417 822 507 862 belii
530 821 652 862 einins
674 823 801 867 initio,
822 819 887 859 lib.
902 827 938 868 8.

201 884 305 937 epist.
325 894 386 922 10.
445 878 557 919 Illud
578 877 678 918 addo
700 881 752 916 ad
777 878 943 917 taio-nes

203 941 241 980 C.
266 938 450 981 Curiam-is,
472 935 518 975 de
541 949 633 987 agro
653 935 869 985 Campano:
898 936 943 972 de

202 1009 274 1052 quo
296 1004 436 1045 negant
457 992 655 1042 Caesarem
677 989 870 1037 laborare,
882 988 949 1036 fed

202 1053 419 1102 Pompeium
450 1047 563 1087 valde
593 1048 706 1095 nolle,
739 1061 784 1086 ne
808 1061 947 1089 emarus

205 1107 429 1148 aduenienti
449 1105 605 1156 Caesari
631 1114 778 1153 pateat.
825 1102 947 1156 Suspi-

207 1178 273 1204 cor
299 1174 427 1202 autem
468 1161 692 1200 diuisionem
725 1158 828 1199 illam
859 1169 947 1198 ante

207 1219 377 1259 Caesaris
407 1232 537 1257 necem
578 1231 657 1256 non
698 1216 769 1256 effe
799 1216 947 1257 saetam.

207 1277 294 1318 sunt
315 1278 415 1316 enim
427 1276 518 1314 haec
540 1275 580 1313 in
601 1272 756 1328 epistola
768 1277 813 1313 D.
827 1275 949 1320 Bruti,

208 1334 343 1387 scripta
389 1331 547 1372 Caesare
596 1342 768 1379 mortuo,
801 1329 867 1370 lib.
884 1342 949 1372 11.

209 1392 313 1444 epist.
328 1401 394 1431 20.
451 1390 636 1446 Qtatuor
661 1388 870 1444 legionibus
891 1390 952 1434 iis,

209 1446 344 1505 quibus
364 1459 475 1502 agros
493 1443 642 1485 dandos
668 1444 874 1499 censuistis,
897 1445 954 1484 vi·

210 1504 280 1547 deo
291 1503 525 1556 facultatem
548 1500 642 1554 fore
667 1515 718 1541 ex
746 1503 854 1556 agris
872 1501 955 1541 Sul-

211 1563 317 1604 lanis
338 1570 376 1600 et
399 1573 492 1615 agro
513 1558 712 1610 Campano.
752 1557 823 1596 Sed
842 1571 954 1611 quae-

213 1620 325 1664 ritur,
350 1630 417 1655 cur
437 1628 483 1654 eo
500 1614 618 1668 vsque
643 1613 828 1668 produe'ta
861 1615 958 1653 diui·

215 1676 268 1715 fio
290 1676 343 1713 fit.
427 1673 542 1722 Qua,
561 1686 645 1710 curn
678 1671 819 1712 Caesar
844 1671 958 1721 leges,

217 1729 358 1772 Bibulo
378 1729 424 1768 de
463 1727 567 1768 caelo
599 1727 794 1777 seruante,
827 1740 960 1768 contra

217 1784 382 1842 auspicia
404 1784 556 1834 tulisset,
588 1787 668 1824 eius
699 1787 781 1824 aeta
810 1800 888 1826 non
918 1784 962 1824 li-

219 1846 356 1886 benter
379 1843 526 1882 senatus
552 1844 839 1896 comprobabat.
865 1840 964 1881 nihil

221 1904 339 1949 enim,
359 1914 441 1939 cum
462 1898 509 1939 de
530 1898 634 1938 caelo
655 1898 884 1947 seruaretur,
905 1901 966 1948 agi

224 1974 310 1999 cum
349 1955 496 2011 populo
523 1967 684 2010 poterat.
730 1956 966 1996 abundamus

225 2013 421 2069 exemplis,
440 2012 502 2053 vel
521 2027 565 2052 ex
585 2011 666 2066 ipso
690 2015 891 2061 Cicerone,
905 2012 968 2053 vel

226 2087 272 2113 ex
302 2080 475 2111 veterum
515 2069 726 2110 annalibus.
811 2073 968 2110 Dixerat

225 2132 343 2179 igitur
365 2129 461 2167 hanc
492 2126 713 2169 sententiam
741 2130 900 2176 Ckero,
926 2138 971 2168 vt

228 2187 355 2227 idibus
376 2186 474 2224 Maii
494 2184 540 2224 de
556 2198 647 2233 agro
667 2187 876 2239 Campano,
898 2183 971 2225 fre-

232 2244 367 2296 quenti
388 2241 528 2289 senatu,
547 2240 768 2281 referretur.
798 2257 873 2295 qua
894 2241 974 2281 sen-

232 2301 351 2341 tentia
373 2300 569 2351 Pompeio,
590 2309 626 2337 et
646 2300 706 2345 iis,
737 2301 803 2352 qui
825 2299 975 2338 Caesari

234 2355 445 2402 studebant,
467 2357 626 2394 inieffius
647 2358 764 2394 timor
783 2357 845 2403 est,
858 2370 906 2395 ne
931 2356 976 2395 de

236 2412 472 2454 infirmandis
495 2412 672 2450 omnIbus
703 2414 783 2451 eius
814 2415 907 2453 aeus
936 2416 978 2453 in

238 2470 369 2510 senatu
416 2479 611 2517 ageretur:
665 2468 978 2522 quandoquidem

241 2526 352 2566 saluis
374 2525 545 2578 auspiciis
567 2523 662 2563 nihil
682 2537 820 2574 egerat,
840 2526 979 2566 Bibulo

246 2584 292 2622 de
311 2581 414 2621 caelo
437 2581 619 2620 seruante.
704 2585 785 2622 Nec
800 2598 893 2623 vero
909 2587 983 2636 pri-

247 2655 331 2681 mus
357 2641 492 2677 Cicero
518 2639 598 2690 post
623 2638 819 2678 Caesarem
854 2640 984 2680 consu-

247 2696 326 2738 lem
357 2695 537 2744 agendam
569 2697 648 2742 agri
677 2698 859 2750 Campani
888 2697 985 2737 caus.

251 2754 327 2794 fam
351 2751 514 2793 censuit:
543 2765 630 2791 uam
653 2754 689 2791 P.
710 2752 909 2806 *Lentulo,
950 2767 988 2795 et

986 61 1514 136 COMMENTARIVS*

985 198 1041 243 Q
1056 191 1215 233 Metello
1238 193 1323 234 coss.
1353 197 1394 234 in
1414 204 1584 233 extremo
1614 204 1732 246 anno,

987 256 1117 303 Lupus
1165 252 1343 291 tribunus
1392 250 1514 305 plebis
1552 249 1598 287 de
1638 260 1731 298 agro

988 311 1184 360 Campano
1219 307 1422 347 retulerat:
1475 317 1517 346 vt
1553 316 1656 360 patet
1688 317 1733 343 ex

991 365 1056 404 lib.
1071 378 1112 406 2.
1132 364 1177 401 ad
1201 367 1255 412 Q
1272 367 1330 403 Fr.
1354 366 1455 417 epist.
1470 375 1505 404 1.
1561 365 1648 401 Eius
1670 375 1736 400 au-

989 434 1065 461 tem
1108 423 1188 469 agri
1229 421 1453 460 diuifionem
1499 419 1644 458 duabus
1689 416 1736 456 de

990 478 1115 518 caussis
1135 479 1405 532 improbabant
1427 478 1522 515 boni
1541 478 1637 521 viri3
1660 476 1737 528 pri-

990 551 1094 574 mum
1115 538 1204 587 quia
1225 534 1344 583 legem
1363 533 1467 572 iilam
1489 531 1623 571 Caesar
1651 545 1738 570 con·

989 604 1045 632 tra
1067 592 1229 644 auspicia
1263 590 1425 635 tulissem
1463 589 1619 635 deinde,
1648 589 1739 640 quia

990 652 1148 703 pecunia
1169 648 1333 703 publica,
1371 648 1476 687 cuius
1508 648 1638 699 inopia
1665 658 1743 683 ma-

990 719 1061 756 gna
1082 718 1175 753 erat,
1202 708 1277 744 emi
1296 720 1428 754 agrum
1440 706 1677 757 Campanum
1689 714 1734 741 ex

995 763 1060 802 illa
1084 763 1165 813 lege
1186 764 1402 816 oportebat.

1056 876 1435 929 Frequentistnatn]
1521 878 1571 912 Vt
1592 872 1742 912 senatus

1000 930 1210 971 consultum
1237 934 1320 970 fieri
1347 931 1467 984 posset
1495 941 1625 969 contra
1649 932 1746 969 (Zae-

1003 989 1093 1029 saris
1115 988 1233 1037 legem
1255 988 1299 1026 de
1318 1002 1408 1037 agro
1427 990 1623 1040 Campano
1651 986 1748 1025 diui·

1005 1046 1142 1086 dendo.
1175 1056 1294 1084 certus
1309 1047 1410 1084 enim
1431 1056 1512 1084 erat
1531 1044 1749 1084 senatorum

1005 1117 1210 1146 numerus3
1239 1105 1306 1155 qui
1326 1103 1351 1140 fi
1372 1117 1451 1141 non
1465 1101 1615 1148 adesset,
1646 1101 1750 1140 sena-

1006 1172 1066 1200 tus
1119 1159 1330 1198 consultum
1384 1162 1467 1198 fieri
1510 1159 1608 1209 leges
1647 1170 1751 1197 veta-

1004 1220 1110 1258 bant.
1189 1217 1299 1256 Vnde
1357 1215 1453 1256 illud
1509 1219 1562 1256 M.
1621 1214 1751 1255 Fuluii

1007 1285 1137 1314 contra
1167 1277 1220 1313 M.
1233 1272 1450 1322 Aemilium,
1472 1273 1538 1314 lib.
1583 1285 1645 1326 39.
1668 1287 1697 1311 c.
1710 1284 1751 1326 4.

1008 1331 1109 1386 apud
1136 1333 1312 1370 Liuium:
1341 1333 1427 1387 ‚Qui
1443 1344 1514 1384 per
1534 1331 1755 1386 infrequen-

1009 1392 1106 1430 tiam
1122 1388 1269 1439 furtim
1280 1389 1444 1439 finatus
1456 1388 1668 1441 consultum
1689 1386 1756 1439 fa·

1009 1448 1106 1486 cium
1118 1446 1171 1484 ad
1178 1448 1377 1485 aerarium
1387 1443 1584 1485 detulerit.
1607 1445 1732 1482 festus
1745 1458 1755 1481 :

1014 1503 1192 1543 Numera
1204 1502 1400 1551 semmam,
1421 1504 1481 1542 ait
1505 1502 1631 1557 quiuis
1645 1500 1762 1554 sena-

1013 1571 1077 1600 tor
1100 1559 1255 1610 consuli,
1276 1573 1360 1598 cum
1379 1557 1644 1611 impedimento
1673 1557 1759 1597 vult

1013 1614 1091 1672 ff,
1110 1629 1180 1669 quo
1199 1617 1324 1655 minus
1339 1616 1470 1668 faciut
1484 1616 1648 1667 senatus
1677 1618 1761 1654 co'n-

1004 1674 1181 1724 sultum,
1219 1672 1477 1727 postulatque,
1517 1683 1559 1712 vt
1585 1683 1656 1711 aut
1684 1685 1761 1717 res,

1017 1745 1113 1786 quae
1133 1729 1382 1781 adferuntur,
1406 1728 1661 1776 diuiduntur,
1690 1737 1762 1767 aut

1016 1786 1159 1843 'singuli
1180 1786 1450 1837 consulantur,-
1477 1798 1559 1833 aut‚
1587 1802 1601 1826 ι
1620 1796 1677 1825 tot
1688 1797 1764 1824 non

1005 1844 1096 1897 sint
1120 1843 1332 1894 senatores,
1363 1858 1435 1897 quo
1462 1857 1617 1883 numero
1646 1843 1767 1883 liceat

1014 1900 1226 1955 pruefiribi
1249 1898 1409 1952 s'enatus
1437 1900 1659 1951 confitltum.
1697 1901 1766 1938 Le·

1021 1959 1144 2008 gimus
1179 1958 1293 1996 etiam
1330 1957 1431 2011 apud
1465 1957 1694 2004 Pedianum,
1720 1956 1768 1995 C.

1022 2013 1249 2054 Cornelium
1275 2016 1471 2054 tribunum
1498 2013 1622 2068 plebis
1644 2012 1769 2062 legem

1024 2070 1161 2119 tuliffe,
1193 2085 1240 2110 ne
1271 2074 1354 2124 quis
1384 2074 1423 2110 in
1453 2071 1583 2111 senatu
1621 2069 1769 2119 legibus

1026 2127 1258 2173 solueretur,
1288 2131 1354 2168 nifi
1385 2129 1536 2169 ducenti
1569 2126 1770 2167 affuissent.

1028 2185 1145 2233 Qiod
1178 2187 1203 2224 fi
1228 2187 1313 2238 quis
1349 2185 1593 2225 neceffariurn
1621 2183 1770 2223 senatus

1030 2241 1204 2282 consulto
1222 2243 1456 2282 conficiendo
1473 2243 1687 2282 senatorum
1701 2255 1772 2280 nu·

1031 2304 1177 2339 merum
1203 2298 1294 2338 scire
1323 2299 1430 2347 velit,
1459 2302 1621 2340 Dionem
1642 2297 1774 2337 consu·

1031 2356 1097 2403 lat,
1126 2358 1231 2395 cuius
1252 2358 1343 2395 haec
1363 2356 1449 2396 sunt
1466 2359 1584 2397 verba
1615 2355 1681 2396 lib.
1706 2368 1774 2409 54.

1034 2413 1240 2470 Augustus,
1271 2429 1354 2454 cum
1374 2413 1538 2463 videret,
1551 2414 1777 2469 frequentes·

1035 2485 1108 2510 non
1138 2471 1290 2523 semper
1330 2474 1531 2512 conuenire
1560 2471 1776 2522 senatores,

1036 2526 1219 2573 decreuit,
1248 2539 1293 2567 vt
1320 2543 1344 2566 a
1370 2527 1626 2581 paucioribus,
1661 2537 1778 2582 quam

1039 2583 1346 2639 quadringentis,
1386 2587 1549 2637 striatas
1604 2583 1778 2634 cotffulta

1029 2640 1124 2694 fieri
1147 2639 1308 2695 pqffi’nt:
1335 2658 1419 2682 cum
1442 2653 1559 2682 antea
1587 2640 1666 2693 nisi
1687 2653 1779 2693 qua-

1043 2695 1239 2752 dringenti
1275 2697 1487 2754 affinfflm,
1549 2710 1642 2738 rata
1703 2710 1779 2736 non

1043 2750 1164 2808 effi‘nt.

1647 2808 1780 2852 Idibus·
