1863 3172
274 78 344 120 IN
369 79 484 119 CIC.
512 78 701 120 EPIST.
729 80 1000 123 FAMLIB.
1020 81 1090 122 111.
1127 81 1318 122 EPIST.
1348 82 1433 122 XII.

103 191 182 230 iam
210 190 328 240 dixit,
370 203 407 232 et
437 195 629 234 institutae
657 196 844 235 orationis

104 249 248 288 exitum
267 263 346 288 non
366 253 547 304 reperire.
825 253 834 301 j

160 305 244 345 lam
260 305 369 359 time]
453 309 552 347 Cum
572 321 616 347 ex
633 308 844 347 amicorum

101 360 236 401 litteris
261 362 552 404 de'Dolabellae
580 376 617 404 et
637 364 736 405 filiae
767 377 844 403 ma-

101 419 286 459 trimonio
314 424 490 470 cognoui.

159 475 301 517 Omnia
323 478 492 532 negotia]
543 481 650 526 Quae
675 491 746 531 pro
769 480 841 530 Ap-

99 532 155 586 pii
174 532 413 574 absolutione
425 537 466 574 iu
483 536 680 574 maiestatis
698 533 841 574 iudicio

40 582 51 595 ⁸
99 587 223 629 facere
245 601 404 644 poterat.
428 591 646 644 nam‚quod
663 591 710 629 ad
724 592 841 630 ambi-

97 655 183 688 tum
224 650 402 701 pertinet,
451 647 597 687 nullum
642 649 838 688 Ciceronis

100 704 338 758 prouinciale
371 707 566 754 negotium
603 706 638 743 ei
665 704 839 758 prodesse

99 771 271 815 poterat:
309 777 393 801 cum
418 762 582 801 ambitus
616 760 768 812 largitio
797 764 840 802 s1t

98 821 142 858 in
178 820 271 859 vrbe
308 818 407 860 faeta
442 818 643 859 obtinendi
677 820 838 860 honoris

98 876 230 927 gratia.

153 931 307 985 Studio]
336 932 393 972 Ad
415 934 586 972 animum
605 935 785 987 pertinet,
795 948 838 974 ac

98 987 355 1029 voluntatem:
392 990 439 1029 ad
461 1004 618 1044 operam
637 1001 764 1030 autem
783 990 840 1040 id,

97 1046 203 1098 quod
235 1045 442 1094 subiunxit,
482 1050 624 1092 acrius,
656 1049 838 1100 apertius.

96 1103 202 1155 quod
222 1102 351 1156 paullo
371 1105 453 1157 post
472 1103 637 1144 declarat
667 1105 724 1143 his
755 1119 839 1144 ver-

95 1159 166 1205 bis,
209 1160 490 1201 beneuolentior
509 1161 593 1209 tibi,
623 1175 736 1217 quam
752 1159 838 1214 fui,

93 1217 214 1257 nihilo
225 1218 314 1269 snm
335 1217 493 1269 faHus:
528 1217 755 1273 diligentior
783 1216 841 1259 ad
889 1234 983 1279 tior,

91 1271 372 1315 declarandam
382 1274 696 1322 bem-nolentiam,
706 1276 837 1315 multo.

152 1334 312 1381 Ammo]
353 1334 534 1370 Annuum
564 1341 645 1372 erat
678 1333 837 1385 prouin-

94 1388 238 1427 ciarum
277 1389 492 1442 imperium.
529 1388 576 1428 de
610 1403 687 1442 qua
723 1403 765 1429 re
793 1389 836 1428 in
863 1402 871 1409 ⁸

92 1447 196 1501 epist.
216 1456 256 1498 7.
287 1444 353 1486 lib.
375 1457 410 1486 1.

149 1501 372 1554 Decedenti]
431 1502 578 1541 Primus
617 1499 835 1540 deceffionis

94 1559 173 1599 dies
193 1557 278 1608 fuit,
306 1561 374 1598 ΙΙΙ.
391 1558 471 1598 Kal.
497 1559 592 1597 Sext.
617 1567 660 1598 vt
678 1567 836 1611 apparet

92 1632 138 1657 ex
162 1617 263 1669 epist.
276 1618 313 1656 6.
340 1626 376 1655 et
396 1615 462 1655 lib.
485 1626 523 1666 5.
542 1614 590 1653 ad
600 1616 710 1654 Attic.
730 1616 833 1669 epist.

91 1684 157 1728 ις.
180 1684 217 1712 et
241 1672 307 1712 lib.
329 1676 364 1713 6.
396 1673 498 1726 epist.
521 1684 556 1725 3.

148 1731 255 1770 Ante
273 1730 371 1769 diem
390 1731 458 1768 111.
489 1726 633 1783 nonas]
669 1727 831 1768 Perinde

81 1788 155 1834 est,
186 1800 228 1824 ac
255 1787 281 1825 fi
311 1785 478 1832 dixiss’et,
505 1787 575 1824 111.
601 1799 687 1825 non.
710 1784 751 1824 id
784 1799 830 1825 ex

86 1843 156 1883 lib.
174 1844 236 1885 16.
259 1845 363 1896 epist.
380 1855 415 1883 1.
435 1841 483 1882 ad
500 1844 696 1882 Tironem
720 1841 831 1882 intel-

87 1899 157 1950 ligi
187 1899 296 1940 facile
325 1902 458 1954 potest.
502 1900 607 1939 Ante
629 1897 730 1940 diem
759 1901 830 1939 111.

89 1971 176 1998 non.
199 1967 345 1997 veteres
382 1957 570 2004 dicebant,
595 1955 634 1995 id
666 1957 737 2004 est,
767 1956 830 1996 die

87 2015 204 2057 tertio
222 2024 310 2053 ante
331 2027 464 2053 nonas·
494 2027 597 2060 nam,
623 2027 708 2052 cum
738 2010 828 2052 dici·

88 2082 164 2119 tur,
191 2073 259 2110 ΙΙΙ.
287 2085 373 2110 non.
405 2069 550 2110 concisa
579 2070 722 2110 locutio
752 2072 824 2110 est:

87 2141 185 2181 quae
212 2129 358 2177 integra
387 2126 487 2175 esset,
515 2128 540 2168 fi
568 2126 725 2174 diceres,
755 2129 825 2168 111.

87 2185 150 2225 die
161 2195 250 2224 ante
268 2199 399 2224 nonas.
426 2198 501 2237 qua
520 2199 600 2223 non
618 2185 823 2224 vtebantur

1561 95 1646 137 245

957 194 1162 248 Seruilius]
1215 197 1366 235 Amicus
1398 196 1533 249 Appii;
1573 196 1640 247 qui

899 249 1052 291 fortasse
1070 253 1195 291 iuerat
1212 254 1251 292 in
1275 255 1528 306 prouinciam,
1559 263 1643 291 tum

900 317 941 347 vt
964 310 1128 362 Appium
1149 311 1328 349 Ciceroni
1348 309 1521 364 praesens
1540 323 1639 348 com-

900 365 1118 408 mendarem
1146 376 1226 406 tum
1248 369 1361 406 etiam
1383 379 1424 407 vt
1440 367 1640 406 hominum

898 420 1195 474 prouincialium
1225 423 1312 464 odia
1335 426 1375 462 in
1406 427 1568 478 Appium
1590 421 1640 462 le-

898 479 1022 523 niret3
1063 493 1111 518 ne
1140 482 1311 529 Romam,
1332 480 1472 520 dietari
1508 480 1640 520 aduer-

899 533 957 573 sus
977 549 1062 574 eum
1096 538 1330 584 testimonia,
1359 537 1638 590 proficisceren-

896 602 971 631 tur.
1009 593 1148 646 quibus
1180 596 1280 632 enim
1309 595 1450 647 rapinis
1481 597 1638 648 prouin-

896 651 992 688 ciam
1013 651 1156 703 Appius
1185 652 1399 690 exhaustam
1427 650 1639 704 reliquerit,

896 708 965 759 qui
997 709 1157 756 gemitus
1189 708 1398 755 consecuti,
1433 707 1561 747 scribit
1589 708 1638 746 ad

896 766 1064 803 Atticum
1094 764 1234 804 Cicero
1262 765 1329 806 lib.
1365 778 1396 817 5.
1443 766 1546 819 epist.
1575 774 1638 816 15.

896 831 933 860 et
951 819 1015 862 16.
1045 830 1082 860 et
1102 819 1168 861 lib.
1182 825 1221 865 6.
1252 825 1355 877 epist.
1371 833 1407 863 1.

952 892 1243 932 Beneuolentior
1260 893 1344 942 tihi,
1356 907 1471 947 quam
1483 893 1564 945 fui,
1580 894 1640 932 ni-

892 948 1073 1000 hiloficm
1081 949 1241 1001 fac‘lus:
1271 949 1496 1006 diligentior
1513 947 1571 989 ad
1576 948 1637 990 de-

892 1005 1124 1046 clarandam
1150 1007 1466 1055 beneuolentiam,
1495 1008 1639 1059 multo]

893 1060 1036 1102 Similis
1060 1061 1251 1108 locuszlib.
1268 1076 1332 1118 13.
1354 1066 1458 1118 epist.
1472 1066 1539 1106 60.
1568 1065 1638 1103 Cu·

893 1122 954 1160 ius
979 1121 1188 1161 calamitas
1226 1123 1345 1162 etiam
1381 1120 1638 1174 qfficiqfi'orem

892 1190 952 1217 me
963 1176 1071 1230 facit
1090 1179 1133 1217 in
1150 1180 1275 1220 illum.
1314 1192 1406 1218 nam
1422 1177 1638 1224 beneuolen-

1029 1231 1146 1290 ssquam
1173 1237 1325 1289 semper
1352 1235 1436 1288 fui,
1468 1232 1528 1290 effi
1562 1248 1638 1275 non

882 1287 1036 1346 poffim·

951 1361 1088 1416 Vetus]
1118 1365 1227 1411 Qae
1247 1371 1334 1402 ante
1351 1376 1470 1401 annos
1485 1361 1636 1415 aliquot

893 1417 967 1458 effe
989 1428 1179 1472 coeperat,
1215 1433 1294 1472 quo
1324 1430 1498 1472 tempore
1533 1421 1636 1458 inter

893 1477 1132 1524 Ciceronem,
1163 1486 1200 1516 et
1227 1479 1264 1518 P.
1290 1474 1484 1523 Clodium,
1518 1477 1636 1529 Appii

890 1531 1068 1580 fivatrem,
1100 1543 1255 1577 exortae
1282 1534 1508 1571 inimicitiae
1533 1531 1634 1579 sunt,

889 1591 944 1629 M.
963 1589 1109 1637 Pisone,
1127 1591 1181 1629 M.
1205 1588 1374 1629 Messalla
1399 1588 1486 1631 coss.
1514 1587 1580 1629 lib.
1595 1600 1633 1631 Ι.

889 1645 937 1685 ad
959 1648 1072 1686 Attic.
1092 1647 1193 1700 epist.
1217 1647 1281 1690 16.

941 1729 1152 1787 simultas]
1235 1729 1410 1771 Simultas
1431 1727 1629 1770 ‘occultum

887 1798 924 1829 et
958 1789 1151 1829 mediocre
1195 1790 1277 1842 post
1317 1786 1629 1828 beneuolentiam

886 1845 1019 1886 odium
1054 1847 1116 1885 est.

939 1913 1195 1971 Stimulabat]
1222 1918 1318 1956 Non
1328 1914 1505 1963 fimultas,
1525 1928 1622 1968 quae

881 1983 972 2014 tunc
990 1971 1094 2013 nulla
1112 1984 1205 2021 erat,
1233 1971 1296 2012 sed
1325 1975 1405 2012 eius
1425 1975 1621 2013 memoria.

936 2058 1043 2100 Fifle
1102 2058 1372 2099 reconciliatae
1427 2056 1620 2114 gratiae]

878 2116 974 2156 Ideo
1018 2114 1212 2169 scripserat
1252 2112 1406 2153 Coelius
1451 2115 1499 2153 ad
1530 2130 1617 2156 eum

878 2172 945 2213 lib.
959 2179 995 2222 8.
1010 2174 1112 2226 epist.
1131 2173 1170 2212 6.
1199 2169 1418 2210 Cauendum
1436 2171 1509 2211 tihi
1527 2174 1617 2222 erit,

86 2242 249 2293 antiqui,
281 2240 342 2280 sed
372 2243 452 2281 eius
476 2240 578 2289 loco,
607 2252 697 2282 ante
720 2240 822 2282 diem
878 2243 920 2270 '¹²
954 2242 1097 2281 Parum
1122 2227 1350 2282 simpliciter
1388 2238 1423 2267 ‘t
1449 2227 1616 2270 candide

85 2299 155 2338 ΙΙΙ.
173 2311 303 2337 nonas.

109 2386 112 2387 γ
141 2352 295 2411 Sidam]
327 2353 558 2392 Maritimam
571 2363 716 2408 partem
733 2367 822 2410 pro-

86 2411 234 2452 vinciae
254 2421 365 2451 vocat
393 2411 495 2465 epist.
508 2421 546 2464 ς.

871 2283 1025 2340 posuiſj}
1051 2285 1270 2324 inimicitias
1299 2282 1480 2324 videaris.

932 2353 1144 2412 Affinitces]
1167 2353 1402 2404 Dolabellae,
1421 2357 1534 2412 Appii
1554 2370 1611 2396 ac-

876 2411 1071 2453 cusatoris.

1078 2631 1096 2670 C·

1371 2810 1614 2851 EPISTQ.
