1863 3172
136 72 225 126 358

142 177 352 238 praedibus
369 176 642 232 depelleretur,
661 192 687 218 a
705 192 765 219 me
784 179 888 219 inita

147 237 253 278 ratio
270 235 333 287 est,
882 278 884 283 ,

203 292 294 330 Non
342 288 523 328 deberent
573 286 639 344 ff'
693 287 884 347 obltjgrati]

148 346 322 387 Causs'am
340 360 420 384 non
440 346 566 385 addit:
605 345 668 384 sed
693 345 767 394 hoc
790 354 885 400 puto

145 404 193 444 ad
215 405 442 456 aequitatem
464 407 604 455 potius,
633 417 746 456 quam
763 404 884 443 adius

145 460 296 505 referri.
335 459 492 515 praedes
534 462 636 499 enim
675 462 742 515 qui
775 460 886 510 sunt,

146 520 307 559 omnino
329 528 519 564 tenentur,
547 518 614 556 nisi
644 516 822 559 satisfacit
841 520 888 567 is,

144 589 218 632 pro
239 587 315 630 quo
334 573 491 627 praedes
512 573 601 613 faffi
624 573 722 615 sunt.
751 590 887 615 verum
924 576 925 579 ’

144 633 349 683 aequitatis
379 631 530 671 videtur
562 629 658 678 effe,
692 631 888 672 consulere

142 687 310 729 fortunis
329 702 477 735 eorum,
498 689 564 742 qui
583 688 818 728 humanitate
828 690 892 728 ad-

145 745 250 784 du&i
270 758 340 798 pro
359 744 489 798 aliquo
510 745 546 785 se
568 744 801 794 obligarunt,
825 761 888 786 eo·

144 816 221 855 que
252 805 390 850 magis,
417 803 572 842 fi‘ciues
604 812 640 841 ct
665 805 776 842 amici
804 804 884 843 ssnt.

139 859 182 901 id
217 868 257 898 vt
285 861 411 906 fieret,
450 861 504 899 ita
533 861 721 901 rationem
751 862 887 911 Cicero

143 917 276 962 initiis,
289 931 336 955 ne
355 916 446 969 quid
462 928 583 955 tamen
600 917 888 970 populusamit-

145 982 257 1012 teret.
289 973 395 1028 quod
415 971 515 1012 infra
543 976 644 1028 quasi
663 970 860 1024 gloriatur.

207 1044 334 1084 Tanto
352 1044 470 1096 officia
492 1049 587 1095 meo]
629 1049 726 1086 Cum
754 1045 890 1100 populi

146 1102 311 1142 Romani
333 1114 390 1138 res
413 1112 600 1151 ageretur,
623 1118 737 1158 quam
761 1117 892 1144 curare

145 1157 260 1198 debet
281 1157 497 1211 proconsul.

211 1228 337 1267 Tanto
365 1231 481 1268 etiam
501 1232 688 1285 periculo]
734 1233 773 1271 Si
797 1230 891 1285 quid

149 1286 252 1323 enim
275 1284 394 1324 scriba
417 1297 561 1326 erraret
588 1289 634 1326 in⁴
661 1290 890 1336 rationibus,

146 1351 214 1380 aut
236 1344 413 1395 improbe
445 1346 712 1394 committeret,
742 1361 819 1385 non
847 1348 889 1385 in

148 1413 252 1446 eum,
273 1399 336 1438 sed
354 1403 393 1439 in
415 1401 694 1454 proconsulem,
707 1405 768 1442 cui
789 1418 891 1442 man-

148 1455 235 1494 data
265 1457 399 1512 populi
424 1472 483 1498 res
514 1460 576 1507 est,
605 1460 715 1518 culpa
746 1462 891 1501 confer-

147 1523 270 1555 tetur.

207 1586 301 1624 Cum
327 1584 482 1628 idmihi
503 1603 548 1628 ne
568 1584 798 1642 recitattg'ffi’t
814 1589 894 1641 qui·

149 1638 253 1695 dem]
266 1644 364 1682 Cum
375 1643 427 1692 id,
439 1660 517 1684 non
530 1646 648 1685 modo
661 1661 722 1685 me
743 1659 821 1684 non
837 1647 892 1683 iu-

148 1698 280 1746 bente,
294 1699 352 1738 sed
369 1703 479 1740 etiam
504 1702 697 1750 insciente,
720 1705 760 1742 in
778 1704 894 1741 ratio-

150 1768 219 1793 nes
230 1755 422 1797 retulifi'et.
453 1758 663 1813 Recitqffif,
676 1761 783 1807 dixit,
805 1761 894 1812 quia

150 1810 273 1851 scriba
299 1816 403 1868 prius
430 1830 472 1854 ca
500 1816 697 1865 scribebat,
717 1831 830 1870 quam
852 1819 893 1856 in

152 1868 301 1908 tabulas
325 1871 504 1919 referret3
532 1889 600 1914 nec
618 1875 819 1922 referebat,
839 1877 895 1913 ni-

152 1926 179 1965 fi
201 1940 282 1964 cum
300 1930 527 1981 proconsule
543 1930 861 1984 connnunieaffet.

213 1999 465 2050 Prudentiae,
494 2018 577 2042 cum
600 2019 679 2044 rem
695 2018 718 2043 a
741 2018 799 2043 me
822 2017 894 2042 uon

154 2054 381 2107 itfipienter
423 2063 683 2115 arcogltatam
714 2075 762 2100 ne
801 2063 898 2112 cogi-

155 2121 240 2150 tam
261 2122 375 2154 ERN.
402 2115 551 2168 qaidem
567 2111 704 2173 putas]
740 2119 797 2156 Sic
820 2117 896 2169 pla-

154 2182 206 2206 ne
234 2170 274 2207 in
310 2176 487 2212 omi-‚ibus
506 2177 599 2213 meis
627 2176 819 2214 veteribus
854 2174 896 2213 li-

154 2225 258 2273 bris,
288 2227 437 2268 duobus
470 2235 657 2285 exceptis,
685 2235 726 2271 in
756 2232 895 2285 quibus

157 2283 222 2328 est,
244 2298 316 2322 7:011
334 2286 553 2339 i7ffl›.³etztet·
572 2293 722 2344 quidem
754 2291 895 2346 excogi-

156 2349 308 2378 tatum:
350 2355 384 2381 et
405 2359 496 2391 vno,
521 2360 541 2383 a
572 2360 651 2399 quo
683 2348 784 2386 abest
812 2361 895 2385 non-

156 2408 294 2435 verum
313 2411 359 2438 ne
379 2402 424 2439 fic
451 2403 605 2454 quidem
629 2403 733 2442 locus
754 2403 894 2442 mendo

155 2464 275 2492 vacat.
304 2470 382 2495 non
402 2473 535 2508 magna
566 2462 727 2500 mutatio
762 2464 836 2509 fiet,
868 2462 894 2499 fi

151 2506 325 2557 legatur:
352 2529 398 2553 ne
416 2516 639 2568 ittſjjszientcr
659 2517 810 2573 quidam
830 2532 894 2558 ex-

155 2569 376 2622 cogitatam.
407 2587 503 2618 ηςῑιῃ,
523 2576 626 2626 quod
649 2574 826 2615 nonnulli
843 2575 895 2614 le-

154 2635 261 2685 gunt,
283 2641 352 2665 :son
381 2630 603 2680 itffism'cm‘er
625 2635 894 2687 excqgsitatam,

153 2693 201 2718 ne
217 2684 421 2736 cogitatam
442 2687 590 2741 quidem
600 2700 714 2740 puras·
725 2706 737 2726 :
755 2690 792 2727 id
810 2703 894 2738 ego,

157 2736 263 2789 quod
293 2741 340 2780 ad
380 2741 601 2784 sementi-nn
632 2748 791 2795 attinet,
817 2761 895 2788 non

356 66 582 108 PAVLLI
618 64 909 106 MANVTII
943 63 1464 104 COMMENTARIVS

942 175 1147 235 improbo:
1184 176 1260 224 sed,
1288 179 1378 230 quia
1406 174 1490 230 plus
1512 175 1678 224 additur,

883 255 886 257 >
941 247 1057 289 quam
1088 233 1314 273 emendandi
1342 233 1537 274 moderata
1582 236 1682 274 ratio

941 288 1120 347 postulet,
1132 289 1250 329 malui
1269 300 1398 329 notam
1419 305 1613 344 apponere
1622 293 1679 330 in-

943 348 1065 387 dicem
1085 347 1212 391 errati,
1234 360 1347 399 quam
1367 362 1412 387 ex
1428 347 1554 387 fallaci
1572 359 1609 387 et
1624 346 1680 387 lu-

941 406 1047 446 brica
1078 404 1308 450 coniecffiwa,
1341 405 1547 444 immodico
1574 418 1679 459 prae-

942 461 1072 501 sertim
1091 459 1366 510 additamento,
1385 460 1526 501 librum
1545 464 1679 503 immu-

942 528 1034 560 tare.

999 603 1140 645 Multa
1149 613 1230 642 tarn
1243 603 1401 658 grauis]
1435 605 1603 644 Reorum
1618 605 1681 653 da·

944 672 1165 702 mnatorum
1188 658 1280 699 alibi
1308 661 1358 697 est
1382 661 1528 708 multa,
1556 663 1616 701 hic
1645 674 1683 704 et

945 715 1130 774 praediun
1157 727 1194 756 et
1221 718 1404 769 mancipis
1440 716 1602 766 Valerii,
1640 730 1683 760 vt

944 775 1099 829 quidam
1120 775 1367 820 arbitrantur,
1388 783 1430 813 vt
1454 775 1550 813 mihi
1577 775 1683 816 vide-

943 844 1019 882 tur,
1042 831 1236 886 praedum„
1255 841 1412 870 tantum.
1449 831 1553 885 quod
1581 835 1684 874 enim

944 904 967 932 a
988 891 1161 941 mancipe
1189 887 1362 935 soluitur,
1395 891 1463 941 qui
1493 889 1539 928 de
1558 889 1688 942 publi·

932 957 989 987 'co
1010 945 1156 999 aliquid
1183 945 1354 992 redemit,
1374 944 1411 983 id
1431 959 1500 995 ego
1521 948 1689 987 multam

947 1005 1022 1043 dici
1039 1001 1142 1058 poffe
1160 1004 1237 1057 *vix
1269 1001 1504 1042 crediderim.
1543 1006 1685 1058 quippe

948 1075 1031 1101 cum
1053 1061 1095 1100 fit
1117 1073 1159 1099 ea
1185 1066 1265 1098 non
1296 1061 1493 1112 inopinata
1522 1059 1684 1101 solutio:

946 1120 1107 1174 praestat
1135 1118 1260 1164 enim,
1297 1116 1401 1168 quod
1438 1127 1476 1156 et
1502 1117 1686 1169 promisit,

947 1191 1033 1219 cum
1050 1175 1268 1227 redimeret,
1287 1186 1324 1213 et
1344 1175 1503 1218 omnino
1521 1173 1557 1212 se
1575 1188 1684 1228 prae-

945 1235 1120 1272 stiturum
1140 1232 1302 1284 putauit.
1332 1241 1369 1271 at
1396 1244 1505 1284 praes
1525 1233 1687 1284 promit-

945 1293 990 1332 tit
1013 1289 1077 1328 ille
1100 1288 1254 1343 quidem
1284 1302 1356 1341 pro
1383 1287 1481 1327 alio:
1519 1288 1605 1329 fore
1634 1300 1686 1328 ta-

944 1343 1052 1395 men,
1065 1357 1106 1386 vt
1124 1344 1201 1398 ipse
1229 1344 1432 1397 dependat,
1464 1359 1589 1398 neque
1618 1359 1687 1399 pu·

946 1414 1014 1451 tat,
1044 1414 1093 1451 et,
1134 1405 1160 1441 fi
1198 1403 1388 1449 acciderit,
1417 1401 1572 1442 moleste
1599 1402 1684 1443 fert.

946 1475 1064 1516 quare
1103 1474 1244 1498 nomen
1281 1461 1425 1499 multae
1464 1461 1503 1497 in
1531 1460 1688 1513 praedes

948 1521 1050 1560 reete
1071 1519 1263 1561 conuenit,
1293 1519 1360 1571 qui
1382 1514 1534 1555 soluunt
1561 1519 1687 1568 inuiti,

948 1577 1165 1625 magistratu
1184 1586 1349 1623 cogente,
1371 1574 1476 1612 ficuti
1500 1576 1566 1626 qui
1586 1589 1606 1613 a
1631 1576 1689 1614 iu-

949 1634 1095 1674 dicibus
1126 1632 1375 1670 damnantur:
1414 1632 1454 1668 in
1474 1630 1595 1685 ipsum
1616 1636 1687 1672 Va-

949 1690 1087 1730 lerium
1115 1704 1194 1728 non
1216 1689 1324 1735 cadit,
1355 1689 1421 1739 qui
1451 1702 1535 1726 cum
1559 1687 1688 1736 soluit,

949 1757 1100 1802 praeter
1119 1747 1342 1800 opinionem
1364 1743 1458 1783 nihil
1481 1744 1581 1785 facit.
1602 1749 1689 1787 Hoc

948 1804 1039 1846 ideo
1065 1803 1156 1850 dixi,
1177 1817 1224 1842 ne
1252 1805 1336 1856 quis
1365 1802 1526 1842 miretur
1553 1801 1687 1841 diffen-

951 1864 1023 1902 tire
1045 1876 1106 1900 me
1133 1862 1180 1900 ab
1216 1862 1276 1908 iis,
1303 1860 1369 1912 qui
1398 1860 1570 1911 proxime
1599 1874 1687 1914 pro,

955 1919 998 1960 T.
1019 1919 1170 1965 Ῐῑίανὶο,
1189 1916 1330 1966 legunt,
1364 1916 1407 1957 T.
1427 1917 1468 1954 V
1463 1916 1586 1957 lilerio
1595 1933 1609 1955 .·
1644 1930 1687 1958 vt

951 1975 998 2014 de
1016 1974 1134 2014 multa
1153 1973 1307 2014 Valerio
1337 1987 1492 2027 quoque
1522 1976 1689 2028 mancipi

953 2031 1175 2086 depellenda
1197 2032 1354 2072 dIcatur.
1371 2044 1440 2081 ego
1453 2032 1555 2069 enim
1568 2046 1688 2071 vnum

953 2105 997 2130 ex
1018 2090 1221 2143 praedibus
1236 2089 1404 2127 arbitror
1424 2085 1532 2127 fuiffe
1544 2091 1598 2128 T.
1610 2091 1689 2127 Ma.

952 2149 1074 2191 rium3
1101 2158 1138 2185 et
1168 2148 1393 2185 Ciceronem
1433 2144 1507 2183 hoc
1538 2145 1697 2194 dicere,

951 2207 1086 2243 initam
1105 2218 1126 2242 a
1165 2203 1200 2242 se
1224 2204 1433 2248 rationem,
1463 2217 1542 2242 non
1569 2203 1688 2243 modo

952 2272 994 2300 vt
1016 2260 1157 2310 legatus
1181 2261 1261 2301 eius
1289 2269 1324 2300 et
1342 2257 1576 2312 praestem,
1607 2262 1690 2313 qui-

951 2320 1022 2358 bus
1043 2320 1245 2372 praecipue
1264 2330 1398 2355 cauere
1428 2316 1596 2365 deberet,
1625 2333 1689 2356 ve-

951 2389 1036 2414 rum
1058 2377 1170 2414 etiam
1192 2385 1234 2413 vt
1251 2373 1329 2426 ipse
1353 2375 1406 2412 T.
1429 2375 1588 2422 Marius,
1621 2376 1688 2428 qui

951 2432 998 2471 de
1019 2432 1081 2471 sua
1103 2433 1261 2472 cohorte
1279 2445 1358 2469 non
1389 2429 1491 2478 esset,
1525 2433 1688 2471 maxima

949 2489 1161 2531 calamitate
1179 2487 1383 2528 leuaretur.

1004 2577 1097 2616 Non
1108 2576 1237 2626 filum
1266 2574 1447 2628 probant,
1466 2575 1546 2625 fid
1571 2577 1689 2616 etiam

951 2631 1139 2686 laudam]
1171 2630 1291 2671 Multa
1309 2633 1515 2686 probamus
1527 2634 1601 2672 sine
1613 2632 1691 2672 lau-

953 2688 1021 2736 de,
1035 2701 1076 2730 vt
1097 2704 1153 2736 ea,
1182 2704 1279 2742 quae
1309 2692 1410 2730 reete
1440 2692 1693 2729 communiter

952 2749 1070 2796 fiunt:
1099 2746 1294 2788 laudamus
1311 2758 1437 2788 autem
1458 2746 1568 2795 nihil,
1590 2749 1695 2801 quod

1593 2804 1694 2847 idem
