1863 3172
265 117 335 156 IN
363 118 477 158 CIC.
513 116 708 158 EPIST.
745 119 879 158 ΒΑΜ.
917 119 1101 164 LIB‚11.
1137 118 1321 161 EPIST.
1348 121 1401 161 11.
1516 133 1598 178 147

60 244 197 279 rerum,
217 228 382 270 nondum
401 229 568 271 alteram
587 230 794 285 fortunam
850 230 1088 284 publicarum
1108 235 1305 282 oneribus,
1325 248 1424 288 quae
1441 236 1513 275 iam
1529 238 1588 276 in·

61 299 248 344 expertus,
266 286 425 338 deceffit.
853 289 1071 337 grauescens
1099 303 1199 331 aetas
1228 291 1329 331 serre
1359 293 1423 333 vix
1454 292 1588 348 posset,

117 343 376 400 Conquifiat]
459 347 510 385 Vt
528 359 602 393 me,
621 358 797 384 curarum
851 358 995 395 amore,
1017 361 1059 386 ac
1087 349 1211 388 studio
1241 347 1356 390 leues.

545 468 963 508 EPISTOLAE
1031 470 1091 510 11.

416 546 1194 627 aRGvMssNTvM

173 678 237 719 De
263 678 436 718 Curionis
447 676 578 729 patris
594 677 758 716 interitu
768 675 981 730 fignificat,
1007 691 1052 716 ac
1072 678 1119 728 fi
1137 678 1203 718 illi
1222 679 1400 732 parentis
1427 680 1506 720 loco
1526 681 1590 734 fu·

58 743 192 776 turum
210 736 420 788 pollicetur.
505 733 671 780 Verum,
699 736 759 774 cui
791 732 974 774 credibile
1010 735 1208 784 videatur,
1235 734 1291 774 ad
1306 735 1521 787 gCurionem
1550 740 1592 777 in

60 792 198 846 Asiam
215 793 260 831 de
274 793 402 844 putris
421 793 501 828 eius
518 789 621 830 obitu
649 792 843 831 tantulam
867 790 1060 844 epistolam
1079 789 1145 846 effi·
1173 791 1459 845 conscriptam?
1498 794 1591 836 mihi

59 849 212 904 quidem
230 846 366 899 nonsit
393 846 606 899 verisimile.
633 850 764 904 itaque
783 847 947 887 libenter
974 858 1012 888 et
1033 848 1143 896 hanc,
1160 860 1198 889 et
1214 862 1297 888 eam
1309 877 1322 896 ,
1352 863 1448 905 quae
1462 852 1592 908 sequi·

59 917 141 952 tur,
159 904 351 958 epistolam
369 905 648 953 cvnizmxerim‚
675 914 901 962 argumento
918 907 1034 944 etiam
1056 905 1293 959 postulante:
1319 920 1423 956 nam,
1450 923 1495 948 ea
1514 923 1592 949 mu·

59 976 153 1002 nera
178 961 376 1001 declarari
398 975 423 999 a
448 962 556 1013 Rapa
574 959 725 1010 liberto,
745 961 791 1001 id
809 962 871 1014 est,
897 960 1054 1015 ostendi,
1083 973 1122 1001 et
1141 964 1322 1015 promitti
1349 966 1496 1018 populo,
1526 968 1594 1006 Cu·

54 1021 119 1061 rio
127 1018 241 1071 filius
259 1015 477 1070 exoptabat,
499 1032 598 1073 quae
614 1019 688 1070 ipfi’
704 1018 841 1072 postea,
862 1019 903 1056 in
928 1017 1058 1058 vrbem
1091 1021 1279 1070 reuerfiu,
1299 1023 1410 1072 patri
1442 1034 1594 1064 mortuo

59 1074 187 1116 daret.
216 1075 258 1114 in
279 1089 350 1130 quo
373 1084 505 1114 tamen
526 1085 699 1115 veterum
720 1075 907 1116 librorum
936 1075 1110 1127 consensu
1139 1074 1357 1128 deterreor,
1382 1081 1448 1134 qui
1471 1081 1595 1133 asen-

58 1133 183 1174 tentia
200 1145 284 1172 mea
298 1132 418 1185 plane
444 1145 569 1172 omnes
589 1129 821 1186 discrepant.
883 1131 1024 1172 Eodem
1051 1145 1161 1175 anno,

539 1236 1127 1275 EXPLANATIO.

65 1308 224 1395 Grani
240 1304 348 1357 teste]
371 1307 582 1345 Curionem
602 1308 702 1345 enim
716 1307 806 1346 ado·
853 1307 1033 1364 gionilms
1049 1323 1140 1356 vna,
1163 1307 1355 1359 seditione
1377 1309 1507 1362 falla,
1531 1311 1598 1351 mi·

160 1363 357 1403 lescentem
386 1365 427 1401 in
449 1365 606 1412 gratiam
625 1365 713 1402 irati
743 1378 804 1418 pa·
860 1366 986 1403 titiam
1014 1364 1277 1421 detrefi‘aſjet,
1302 1365 1600 1423 secuturumque

7 1457 12 1463 ,
60 1426 130 1463 tris
152 1424 286 1461 Cicero
309 1419 372 1458 sua
390 1422 617 1459 aud’mritate
648 1420 805 1459 reduxe-
849 1421 898 1472 se
923 1424 1182 1462 temeritatem
1198 1421 1303 1463 ducis
1324 1425 1366 1463 in
1396 1426 1599 1477 expeditio·

64 1492 145 1522 rat3
176 1491 251 1530 qua
301 1476 347 1515 de
381 1491 423 1516 re
460 1476 639 1530 scriptum
673 1479 724 1516 est
763 1480 806 1517 in

62 1538 159 1576 Phil.
174 1547 209 1574 2.
233 1548 263 1572 c.
278 1540 341 1582 18.

124 1589 332 1641 Clartffirno
349 1588 452 1642 viro]
539 1588 740 1629 Consulari
768 1600 806 1630 et

65 1646 309 1701 triu1nphali.-
321 1649 403 1700 post
413 1645 648 1685 consulatum
669 1649 708 1685 in
723 1649 806 1686 Ma-

66 1706 266 1746 cedoniam
294 1704 510 1757 profeekus,
540 1704 739 1751 Dardanis,
768 1715 806 1744 et

66 1765 216 1804 Moetiis
238 1761 408 1808 deuietis,
439 1762 586 1812 primus
615 1762 807 1800 Romano-

64 1835 151 1861 rum
183 1819 319 1858 ducum
355 1818 402 1857 ad
436 1819 656 1857 Danubium
687 1832 808 1870 vsque

67 1878 254 1932 peruenit.
285 1879 368 1914 Hoc
387 1874 506 1914 Rufus
530 1889 558 1913 c.
569 1886 610 1928 7.
630 1876 805 1927 Epitome

65 1949 162 1974 vero
189 1935 348 1973 Liuiana
374 1944 441 1984 95.
529 1932 563 1970 C.
589 1933 702 1971 Curio
715 1945 804 1984 pro·

68 1992 200 2042 consul
233 1989 445 2029 Dardanos
475 1989 516 2027 in
550 1988 717 2028 Thracia
743 1987 807 2028 do-

66 2049 178 2088 muit.
234 2048 452 2086 Ammianus
475 2043 716 2083 Marcellinus
739 2043 806 2084 lib.

68 2117 134 2157 29.
156 2119 184 2144 c.
198 2115 232 2154 ς.
254 2115 290 2142 et
306 2104 508 2142 Frontinus
521 2099 587 2140 lib.
599 2114 638 2154 4.
653 2103 809 2151 Strateg.

69 2176 100 2200 e.
129 2175 162 2202 1.
219 2160 486 2199 seueriffimum
532 2158 644 2212 fuiss'e·
676 2159 810 2198 ducem

69 2216 282 2257 ostendunt.
336 2218 556 2268 Ammianus
586 2215 643 2253 his
663 2217 811 2255 verbis:

69 2277 371 2333 Sagittariorum
408 2271 645 2326 primoribus
677 2287 809 2312 manus

71 2330 236 2381 incidi55
261 2329 430 2384 residuos
446 2330 637 2383 supplicio
661 2332 809 2382 capita-

69 2389 100 2428 Ii
151 2390 357 2428 muttauit:
411 2386 469 2426 ad
518 2386 811 2425 aemulationem

70 2446 258 2488 Curionis,
281 2445 462 2484 acerrimi
482 2443 591 2482 illius
609 2441 807 2497 ducis,qui

70 2501 355 2542 Dardanorum
367 2500 568 2552 ferociam,
585 2500 628 2538 in
655 2499 807 2539 modum

70 2560 268 2599 Lernaeae
285 2557 468 2610 serpentis
477 2556 679 2612 aliquoties
696 2570 806 2594 rena-

61 2618 90 2669 J
92 2616 246 2663 rentem,
267 2614 332 2653 hoc
342 2627 482 2669 genere
503 2625 715 2665 poenarum
746 2626 809 2652 ex-

65 2672 216 2726 stinxit.
247 2673 453 2710 Frontinus
486 2679 614 2708 autem
643 2669 734 2708 haec
760 2668 807 2709 de

53 2721 261 2769 tutione:
297 2728 402 2768 Bello
428 2724 672 2773 Dardanico,
704 2728 810 2767 circa

69 2786 356 2847 Dyrrachium„
382 2798 469 2828 cum
499 2796 549 2828 ex
573 2783 737 2841 quinque
760 2784 811 2839 leg

861 1492 947 1516 nem
969 1476 1154 1531 (fferam,
1175 1490 1214 1518 et
1229 1479 1449 1530 infidiqsam
1470 1483 1599 1538 negas)

850 1534 940 1585 set,-
977 1545 1162 1590 quattuor
1185 1537 1349 1593 legiones
1375 1537 1510 1577 eduxit
1537 1554 1600 1578 ar·

861 1602 1002 1639 matas,
1021 1602 1059 1631 et
1077 1591 1274 1647 consistere
1290 1591 1501 1641 ordinibus,
1539 1594 1601 1636 de-

858 1647 968 1688 lenis
987 1651 1120 1696 armis,
1153 1651 1263 1689 velut
1289 1652 1329 1689 in
1359 1652 1464 1698 acie,
1491 1652 1600 1705 iufflt.

863 1704 949 1760 Post
967 1704 1069 1753 haec,
1083 1705 1310 1758 seditiosam
1334 1702 1601 1761 legionem''in-

860 1775 1000 1801 ermem
1007 1761 1224 1814 procedere,
1234 1761 1459 1816 discim‘lam
1468 1766 1510 1804 in
1521 1781 1603 1806 con·

854 1816 989 1870 [Pella
1007 1821 1152 1859 armati
1169 1820 1603 1875 exereitus,stramenta

861 1879 983 1927 coegit
990 1875 1135 1927 secare.
1192 1875 1342 1931 Postero
1369 1889 1498 1917 autem
1524 1878 1602 1928 die,

857 1930 1038 1983 fimiliter
1055 1930 1192 1986 foffiaem
1221 1932 1422 1983 discim‘los
1456 1936 1603 1976 milites

852 1988 1004 2042 facere,
1026 1991 1218 2045 nullisque
1240 1990 1416 2042 precihus
1447 1991 1605 2047 legionis

863 2043 912 2084 ab
939 2059 980 2086 eo
1015 2047 1222 2098 impetrari
1249 2048 1392 2099 potuit,
1420 2061 1466 2086 ne
1511 2048 1604 2102 {gna

865 2104 945 2141 eius
960 2101 1220 2153 fitbmitteret,
1248 2116 1453 2159 nomenque
1480 2105 1603 2147 abole-

865 2169 940 2205 ret,
973 2161 1116 2198 milites
1142 2170 1273 2199 autem
1306 2161 1349 2199 in
1362 2162 1603 2212 sapplemen-

865 2227 948 2254 tum
963 2227 1178 2255 ceterarum
1199 2216 1387 2272 legionum
1402 2216 1604 2269 distrihue-

865 2282 937 2312 ret.
1021 2274 1157 2312 Cicero
1182 2274 1356 2312 nominat
1384 2286 1472 2312 eum
1499 2276 1602 2316 inter

865 2329 1063 2367 Pontifices
1092 2331 1134 2367 in
1161 2340 1256 2368 orat.
1286 2328 1332 2368 de
1360 2329 1607 2384 haruspicum

864 2385 1045 2438 responfis
1059 2400 1088 2424 c.
1099 2386 1136 2425 6.
1154 2388 1197 2425 in
1215 2384 1317 2425 libro
1338 2385 1385 2425 de
1405 2386 1492 2427 clar.
1505 2399 1601 2430 orat.

861 2456 893 2480 c.
908 2445 1129 2495 32.49.6{.
1145 2449 1209 2491 8¹·
1246 2456 1328 2482 non
1359 2450 1605 2485 c‘ont'emnen-

861 2499 953 2538 dum
974 2501 1026 2538 ait
1049 2510 1242 2539 oratorem
1261 2498 1383 2547 fuiss'e,
1402 2501 1604 2543 consuetu-

862 2555 952 2595 dine
989 2566 1138 2595 tantum
1182 2556 1381 2596 domestica
1425 2559 1538 2608 bene,
1565 2568 1603 2600 et

864 2612 1063 2653 emendate
1092 2612 1289 2667 loquendi,
1317 2612 1422 2654 nulla
1450 2614 1604 2657 scientia

863 2669 1090 2718 litterarum,
1101 2672 1251 2710 infirma
1271 2672 1384 2710 etiam
1403 2676 1601 2713 memoria.

862 2728 947 2769 Lib.
961 2739 997 2780 3.
1016 2727 1062 2766 de
1082 2727 1188 2767 Offic.
1218 2742 1246 2768 c.
1261 2740 1324 2770 22.
1361 2729 1608 2783 reprehendit

865 2797 969 2831 eum,
990 2783 1097 2838 quod
1112 2785 1155 2826 in
1171 2798 1320 2840 *genere
1348 2783 1604 2827 deliberatiuo
1651 2789 1653 2796 ‘

934 2842 967 2885 Κ
992 2854 1018 2884 2
1483 2841 1603 2888 solam
