1863 3172
277 119 345 161 IN
367 118 481 160 CIC.
512 119 706 162 EPIST.
734 120 869 162 ΕΔΜ.
893 117 1006 158 LIB.
1031 117 1081 158 11.
1110 115 1401 157 EPIST.xu.

44 258 46 261 -
66 245 145 285 quo
166 228 320 270 allatae:
349 246 432 270 cum
454 230 604 278 inferat,
624 232 808 271 citeriora

65 285 230 329 nondum
259 288 512 328 maediebmus.
542 302 628 326 nam
666 290 706 326 in
742 302 804 326 ve-

65 356 146 384 tere
163 341 263 382 libio
302 346 449 383 Hieron
454 347 530 389 >mi
560 345 724 384 Ferrarii
754 343 803 382 lc-

62 402 177 449 gitur,
189 400 407 456 Qinquat.
436 415 476 440 vt
498 403 611 440 ctiam
630 414 738 456 μόὸ
722 402 802 440 ‹rta-

61 455 327 513 diatorbtbus,
311 458 476 496 viminu.
504 459 670 510 antiquis
692 459 731 494 in
758 455 802 495 li-

60 513 141 552 bris
162 514 393 566 quandoque
423 513 602 578 scripturn
623 512 800 555 vidimus

63 570 194 626 ‚Qeinq
201 579 335 609 mteus
361 581 486 609 autem
517 571 686 623 quinque
720 570 802 608 dies

61 624 143 664 festi
195 632 364 674 tuerunt,
421 629 621 666 Mineruae
675 624 802 666 dicati.

63 681 231 722 Ouidius
259 680 324 722 lib.
340 697 374 736 3.
397 684 489 722 fast.
521 689 667 735 wgoq.
698 717 701 723 .

121 753 210 794 Vna
229 752 310 794 dies
329 753 453 792 media
470 752 534 806 est,
566 764 604 793 et
618 751 728 806 fiunt
737 748 806 806 sa·

230 824 298 850 cra
325 809 560 855 Mineruae,

173 867 377 922 Nominaq
376 881 413 905 «e
439 882 462 904 a
482 863 625 905 c'unflis
643 865 808 921 quinque

227 922 358 962 diebus
381 921 533 962 h.·:ab·1·t.

63 995 189 1033 Varro
221 991 321 1043 lib5
328 992 420 1031 .de
450 993 808 1050 L.L.Qi11qua-

58 1046 166 1089 *trun
195 1048 296 1089 drem
329 1051 381 1089 ait
408 1048 664 1115 appellatum,
702 1048 807 1102 quod

65 1117 144 1146 erat
166 1108 247 1159 post
259 1108 359 1146 diem
374 1109 549 1159 quintum
563 1106 616 1144 Id.
639 1110 750 1145 Mart.
768 1105 808 1145 id

65 1165 130 1210 est,
146 1165 244 1204 XIV.
273 1163 352 1204 Kal.
368 1167 456 1217 Apr.
469 1173 503 1201 ct
523 1177 753 1216 quamquam
766 1175 811 1201 ex

50 1220 212 1260 Ouidio
242 1222 402 1266 constet,
426 1222 685 1276 quinquatrus
704 1219 812 1258 fuisse

65 1279 238 1330 quinque
259 1278 359 1316 dies:
409 1288 546 1325 tamen,
572 1291 656 1315 cum
675 1279 811 1316 Cicero

65 1336 176 1392 quin
172 1344 322 1373 matre-1.»
342 1336 459 1372 nomi·
463 1345 537 1380 mt,
566 1348 644 1372 non
667 1333 813 1398 semper

66 1405 134 1431 eos
160 1405 291 1430 omnes
317 1389 409 1437 dies,
432 1390 493 1429 fed
522 1391 715 1429 interdum
738 1392 798 1443 pri

67 1462 172 1487 mum
192 1448 385 1487 dumtaxat
405 1461 541 1487 eorum
571 1448 661 1496 figm
664 1450 759 1494 ficat,
772 1455 813 1486 vt

65 1503 132 1548 lib
139 1517 190 1548 12
205 1506 307 1558 epist.
310 1517 374 1559 25.
402 1506 485 1561 ‚Qs
472 1521 496 1543 ι
493 1505 717 1566 zquutribur
726 1503 812 1556 fre-

67 1574 197 1619 queml
216 1562 363 1613 structu
397 1559 560 1616 caustum
602 1572 713 1600 tuam
740 1564 812 1618 egi,

68 1633 143 1659 non
173 1621 301 1658 inuita
332 1619 533 1658 Miterzca.
591 1619 745 1658 Etenim
775 1633 816 1657 eo

68 1677 145 1730 ipso
170 1674 231 1716 die
261 1675 416 1719 senatus
438 1673 626 1722 decreuit,
661 1686 706 1714 vt
734 1676 814 1715 Mi-

67 1748 191 1773 nmua
208 1732 349 1787 nostra,
378 1731 496 1787 custos
530 1730 657 1779 vrbis,
700 1745 816 1787 quam

69 1789 184 1830 turbo
202 1781 407 1835 deiecerat,
434 1787 713 1842 restitueretur.
769 1791 815 1828 Et

69 1844 134 1886 lib.
146 1857 183 1899 9.
204 1845 252 1884 ad
275 1846 382 1884 Attic.
404 1846 506 1898 epist
527 1856 584 1886 11.
626 1846 743 1885 Venit
761 1843 818 1885 ad

10 1909 12 1911 “
67 1917 127 1944 me
147 1904 299 1943 Matius
318 1899 624 1958 quinquatribus.
654 1912 690 1941 et
709 1902 814 1942 alibi.

124 1974 266 2014 Ridere
289 1975 432 2022 tec-um]
521 1973 581 2012 Ob
604 1970 812 2014 dementias

70 2030 336 2083 quorundam,
374 2043 466 2082 quas
508 2043 553 2068 ex
601 2032 813 2070 amicorum

70 2086 207 2128 litteris
232 2096 476 2136 cognouerat.

96 2146 260 2184 ,ιΑηηιι
253 2159 311 2183 tm
336 2145 489 2192 munus]
512 2145 697 2186 Annuam
723 2156 813 2197 pro-

70 2203 218 2241 vinciae
263 2200 650 2239 administrationem:
706 2201 812 2239 cuius

71 2272 156 2297 eum
179 2261 321 2312 primus
340 2256 418 2296 dies
440 2255 557 2295 fucrit
586 2256 711 2310 pridie
730 2256 809 2296 Kal.

69 2317 166 2355 Sext
189 2316 395 2369 postremus
407 2315 472 2352 ΙΙΙ.
491 2311 568 2352 Kal.
583 2313 654 2352 effe
665 2313 809 2353 debuit.

71 2373 164 2426 epist
191 2383 226 2425 5.
243 2382 280 2410 et
297 2370 361 2409 lib.
374 2382 411 2423 9.
433 2370 480 2408 ad
499 2371 608 2410 Attie.
625 2373 728 2424 epist.
749 2381 807 2423 ις.

74 2440 138 2483 19.
160 2439 197 2468 et
216 2427 283 2467 lib.
297 2431 323 2470 6
359 2429 462 2480 epist.
474 2437 510 2467 2.

129 2500 320 2551 Diogenes
363 2508 466 2545 tuus,
507 2511 593 2538 cum
639 2494 807 2549 Philone]

69 2557 262 2606 Diogenes
293 2557 481 2602 Graecus,
509 2557 649 2593 amicus
669 2551 808 2601 Coelii,

71 2628 151 2654 non
163 2614 320 2653 libertus
334 2625 342 2647 :
372 2610 478 2650 Philo
489 2621 618 2651 autem
633 2609 805 2663 libeptus.

69 2668 138 2713 lib.
162 2677 201 2720 8.
227 2670 329 2723 epist.
348 2679 389 2720 7.

130 2727 359 2783 Peffinunte]
441 2718 602 2762 Peninus
650 2721 810 2776 opidum

70 2785 274 2838 Phrygiae,
316 2780 460 2863 clarium
502 2778 671 2836 templo
675 2781 810 2823 Matris

1527 128 1613 187 ¹77(

863 242 1021 279 magnae
1037 232 1172 278 Deum,
1194 232 1299 269 cuius
1314 229 1361 269 ad
1381 229 1515 270 vrbem
1529 230 1604 270 Ro-

861 300 962 325 mam
982 286 1158 326 translata
1185 289 1302 327 statua
1330 288 1391 326 est.
1421 287 1467 325 ad
1497 288 1602 328 Cice·

859 345 965 382 ronis
1005 346 1244 396 prouinciam
1290 345 1496 397 pertinuit3
1534 346 1602 397 qui

858 399 951 437 duas
986 401 1025 437 in
1064 402 1210 440 maiore
1239 401 1394 450 Phrygia
1430 399 1599 444 &musicae

857 455 1003 501 habuit,
1054 470 1168 495 vnum
1219 456 1316 496 vltra
1347 456 1599 498 Maeandrum

856 512 1011 557 flumen,
1029 510 1183 551 alteram
1204 515 1309 560 citra,
1338 515 1519 554 Ciceroni
1539 527 1600 554 ex·

857 578 913 606 tra
932 567 1106 607 ordinem
1127 570 1360 608 attributam.
1391 584 1464 621 qua
1491 569 1538 610 de
1558 585 1601 611 re

858 623 936 664 alio
959 623 1044 663 loco
1068 625 1217 678 plenius
1245 625 1340 664 olim
1368 626 1545 666 diximus.

916 696 1000 735 Iter
1041 693 1232 735 habebant
1275 693 1330 735 ad
1375 697 1607 737 Deiotarum
1663 700 1672 711 ¹

862 762 973 792 ERN.
998 752 1230 804 Ieaetoregem]
1285 754 1379 791 Non
1407 753 1490 791 satis
1512 754 1608 793 mihi

861 806 967 864 pofi'e
987 808 1125 847 videor
1148 822 1220 862 pro
1247 809 1327 848 eius
1357 813 1495 849 merito
1527 809 1608 849 lau-

862 866 953 905 dare
985 867 1167 905 Iacobum
1203 864 1435 905 'saux-ellum
1468 868 1612 906 Fanen-

864 923 954 970 sem,
984 924 1114 961 virum
1161 923 1365 975 optimum,
1403 925 1610 976 exquisitae

865 981 1076 1026 doetrinae,
1098 981 1318 1033 praestantis
1330 981 1496 1030 ingenii:
1527 982 1610 1034 qui,

865 1036 989 1077 deleta
1013 1035 1173 1083 macula,
1195 1050 1293 1089 quae
1317 1038 1394 1076 iam
1423 1039 1612 1078 inuetera-

867 1105 974 1135 verat
1003 1095 1043 1132 in
1075 1091 1306 1147 pet-uulgaris
1346 1095 1528 1134 omnibus
1567 1094 1616 1134 li-

867 1152 962 1200 bris,
981 1149 1069 1189 huic
1089 1148 1176 1189 loco
1201 1149 1318 1197 suam,
1353 1161 1395 1190 vt
1425 1165 1495 1200 ego
1530 1153 1614 1204 qui-

871 1207 956 1248 dem
991 1207 1182 1252 arbitror,
1210 1208 1469 1256 integritatem
1509 1210 1614 1247 resti-

870 1267 956 1305 tuit.
986 1278 1070 1303 cum
1096 1266 1200 1302 enim
1218 1266 1260 1303 in
1282 1263 1389 1304 nullo
1408 1275 1538 1304 vetere
1567 1263 1617 1304 li·

869 1323 943 1362 bro
971 1322 1196 1374 reperiatur,
1225 1337 1260 1361 a
1258 1325 1279 1359 ·l
1296 1322 1531 1362 Deiotarum
1556 1337 1616 1362 re·

863 1392 965 1435 gem,
999 1387 1042 1417 vt
1072 1379 1123 1416 est
1156 1380 1198 1415 in
1229 1380 1278 1416 in
1284 1378 1411 1432 preliis
1445 1378 1492 1417 ad
1518 1379 1617 1417 hane

870 1435 971 1473 diem
1011 1435 1214 1480 omnibus3
1251 1436 1292 1472 in
1322 1434 1515 1501 picris-que
1550 1449 1616 1474 au·

870 1502 959 1538 tem,
979 1489 1035 1530 ad
1052 1493 1284 1545 latoregcffm
1312 1505 1411 1543 quae
1429 1495 1470 1530 in
1492 1492 1617 1532 Medi-

870 1562 937 1587 ceo
975 1561 1132 1600 quoque
1176 1546 1358 1601 icriptura
1390 1549 1461 1588 est:
1509 1559 1620 1587 acute

869 1603 1082 1645 Taurellus
1115 1602 1224 1650 vidit,
1257 1606 1473 1644 mutatione
1504 1607 1618 1644 mini-

870 1676 931 1701 ma
951 1661 1024 1711 legi
1071 1658 1187 1714 poffe,
1238 1659 1294 1700 ad
1324 1660 1617 1718 Adiutorigem:

871 1733 986 1772 quem
1039 1719 1304 1757 Comanorum
1366 1732 1495 1768 regem
1542 1719 1617 1757 hoe

871 1787 1042 1829 tempore
1052 1773 1174 1823 fuiffe',
1194 1775 1329 1814 Strabo
1343 1773 1453 1816 docet
1465 1774 1531 1815 lib.
1551 1789 1566 1817 1
1577 1787 1615 1816 2.

927 1857 985 1898 Ab
1003 1857 1258 1910 adolescentia
1279 1859 1470 1913 iudicant]
1513 1858 1618 1899 Iudi·

867 1917 973 1955 cauit
993 1930 1039 1954 eo
1060 1927 1246 1970 tempore,
1268 1931 1353 1955 eum
1372 1932 1394 1956 e
1413 1919 1614 1970 quaestura

872 1971 1051 2011 Siciliensi
1072 1975 1231 2012 Romam
1264 1976 1436 2014 reuertit.
1467 1988 1553 2012 nam
1573 1975 1617 2012 in

871 2031 1078 2082 Campania
1100 2031 1188 2069 viro
1216 2029 1340 2069 nobili
1370 2032 1529 2070 obuiam
1562 2029 1619 2069 fa-

871 2087 974 2134 &us,
1003 2101 1086 2125 cum
1117 2101 1204 2125 eum
1238 2086 1412 2136 rogasset,
1442 2086 1536 2140 quid
1566 2086 1618 2128 de

867 2142 949 2196 ipso
972 2144 1118 2191 ciuitas,
1129 2144 1180 2182 ob
1201 2158 1261 2182 res
1283 2146 1324 2182 in
1344 2142 1471 2183 Sicilia
1483 2145 1616 2194 gestas,

869 2201 1118 2249 existimaret3
1171 2199 1366 2253 respondit
1394 2198 1482 2249 ille,
1528 2201 1614 2240 vbi-

865 2270 952 2295 nam
973 2255 1099 2294 fuisti?
1127 2270 1172 2295 ex
1194 2271 1272 2309 quo
1292 2255 1494 2305 intellexit,
1505 2255 1615 2310 quod

865 2314 925 2352 hic
958 2312 1094 2352 Coelio
1127 2311 1268 2360 scribit,
1303 2312 1501 2353 obscuram
1536 2313 1611 2353 effe

865 2371 1215 2423 peregrinationem
1245 2384 1421 2418 omnem,
1464 2385 1533 2409 nec
1558 2371 1607 2410 ab

865 2428 960 2466 vrbe
979 2425 1257 2465 discedendum.
1354 2429 1439 2466 Hoc
1464 2425 1612 2466 Plutar-

867 2484 971 2523 chus.
1024 2481 1325 2535 Adolfientiam
1349 2484 1469 2533 igitur
1495 2493 1610 2524 vocat

865 2541 1086 2593 quaesturae
1116 2550 1276 2594 tempus,
1320 2554 1396 2594 qua
1425 2540 1472 2580 de
1491 2555 1534 2581 re
1562 2543 1606 2580 in

864 2598 968 2651 epist.
983 2606 1018 2637 1.
1039 2596 1076 2634 h.
1087 2593 1112 2636 l.

923 2665 1092 2718 Obsi-ura
1117 2675 1161 2705 etr
1169 2661 1352 2717 sordida]
1380 2666 1482 2714 Quia
1501 2664 1606 2704 dixe-

865 2734 936 2771 rat,
955 2725 998 2763 in
1024 2721 1093 2776 ista
1112 2722 1195 2762 luce
1224 2721 1324 2761 viue.
1351 2724 1472 2762 tribus
1500 2723 1606 2764 enim

864 2781 993 2822 verbis
1021 2778 1283 2834 metaphoram
1317 2781 1485 2834 perficit,
1515 2779 1613 2829 luce,

922 2839 969 2878 M-
1485 2834 1610 2886 alfiu-
