1863 3172
246 141 341 199 ,522

258 243 310 282 sit.
365 241 515 279 Hirtius
545 240 611 279 lib.
636 247 674 288 g.
706 238 753 278 de
779 236 870 278 bell.
900 235 998 276 Gall.

258 313 287 337 c.
301 302 337 339 6.
357 297 460 349 seqq.

315 370 451 422 Neque
470 367 560 406 haec
577 366 743 420 incerta]
793 368 930 419 Neque
951 374 1000 403 ta-

256 440 343 465 men
362 426 466 470 haec,
481 424 580 476 quae
594 422 684 469 sunt
705 425 859 469 incerta,
880 421 996 470 vulgo

257 485 457 527 iadiantur,
481 480 544 518 sed
561 492 765 518 narrantur
788 484 887 519 inter
910 493 998 531 pau-

258 553 335 585 (οε,
363 537 462 577 male
497 539 537 575 in
569 537 765 576 Caesarem
795 540 995 576 animatos.

256 594 391 636 Paullo
418 602 529 633 ante:
571 595 858 645 &firmationes
892 592 997 632 durn-

253 663 371 694 taxut
392 654 562 691 veniunt.

315 723 352 764 V
350 723 439 793 ²d={⁰
457 721 676 770 inflantur]
705 721 855 768 Qubus
875 718 924 770 ¹de
942 732 998 757 rc-

255 781 326 822 bus
350 779 540 832 diliipatus
574 792 709 816 rumor
736 779 799 824 est,
837 790 902 815 eae
936 789 997 813 res

254 833 374 886 vulgo
397 838 529 875 iaff‘fflri
550 835 738 872 dicuntur.
767 834 901 872 Liuius
929 830 994 870 lib.

253 908 293 948 9.
314 904 421 946 c.45.
451 893 508 932 Ob
527 891 618 930 haec
639 893 752 947 vulgo
767 892 808 929 in
829 891 996 928 conciliis

253 951 403 991 iafc‘ata
434 949 596 1002 populus
628 949 814 987 Romamn·
855 945 996 986 bellum

241 1008 337 1061 fiari
360 1008 500 1059 Aequis
524 1003 636 1054 iussit.
651 1013 696 1042 ‘et
725 1003 791 1043 lib.
807 1007 869 1056 38.
893 1007 994 1049 c.28.

253 1066 408 1106 latiam
418 1059 659 1115 sermonsbus
674 1075 730 1099 res
747 1062 852 1113 apud
862 1062 996 1100 Roma-

253 1136 332 1162 nos.
386 1117 529 1159 Eodem
550 1119 671 1157 verbo
693 1120 734 1155 in
759 1119 891 1156 eadem
918 1116 995 1155 sen-

254 1180 371 1218 tentia
399 1174 534 1215 Caesar
576 1173 658 1213 vsus
688 1173 803 1215 lib.1.
834 1175 880 1214 de
904 1171 994 1214 bell.

253 1234 350 1275 Gall.
379 1240 489 1281 018.
531 1233 735 1271 Suetonius
766 1243 890 1272 autem
920 1230 994 1286 sae-

196 1324 198 1329 ,
250 1293 406 1348 pissime.

306 1364 416 1419 ‚Qun
436 1373 479 1400 tu
501 1360 610 1414 nostz]
668 1358 835 1399 Caesaris
865 1358 992 1395 inimi—

253 1434 330 1467 cos,
353 1417 543 1465 Bibulum,
555 1416 991 1468 Catone1n‚D0n1itiu1n‚

250 1478 476 1532 praecipuos
497 1477 727 1528 optimatum
761 1473 872 1512 duces
903 1485 988 1509 con-

249 1546 307 1574 tra
329 1532 496 1572 Caesaris
507 1533 754 1585 Pompeiique
768 1530 990 1584 potentiam.

249 1604 480 1645 quamquam
493 1591 707 1642 Pompeius,
728 1592 794 1641 qui
817 1584 990 1627 Caesaris

250 1663 343 1702 opes
366 1658 534 1693 auxerat,
561 1646 709 1686 easdem
737 1645 819 1684 stro
840 1646 992 1689 timens,

251 1706 298 1745 de
327 1704 546 1744 reuocando
585 1717 629 1742 ex
668 1702 802 1742 Galliis
833 1698 991 1740 Caesare

252 1777 337 1802 cum
350 1762 597 1816 optimatibus
618 1770 793 1813 coeperat
814 1759 991 1807 cogitare.

305 1834 365 1873 At
385 1832 603 1881 Domitius]
633 1834 675 1870 L.
689 1832 880 1870 Domitius
899 1829 992 1868 Ahe-

251 1891 468 1935 nobarbuS,
517 1887 735 1936 consularis,
786 1889 991 1937 acerrimus

249 1947 420 1989 Caesaris
438 1944 687 1985 aduersarius.
746 1947 791 1983 In
812 1953 988 1997 praetura

252 2015 408 2044 conatus
441 2004 505 2049 est,
543 2016 641 2054 quae
679 2000 809 2040 consul
850 1998 990 2039 Caesar

251 2071 392 2112 egerat,
417 2062 620 2099 infirmare.
652 2058 758 2111 quod
783 2072 866 2102 cum
889 2057 988 2095 obti-

251 2133 344 2159 nere
365 2115 605 2169 nequiuiffet,
626 2117 785 2155 biennio
803 2116 885 2168 post
903 2127 989 2151 con-

250 2175 382 2216 sularis
417 2173 634 2212 candidatus
666 2171 789 2225 palam
825 2173 990 2210 minatus

252 2235 315 2279 est,
339 2231 529 2270 consulem
549 2230 584 2268 se
605 2229 829 2269 effeeturum
843 2258 854 2275 ,
884 2228 989 2280 quod

252 2300 406 2344 praetor
422 2302 498 2326 non
509 2285 698 2339 potuisset,
709 2287 989 2339 adempturum·

252 2361 327 2400 que
346 2347 380 2384 ei
404 2347 598 2383 exercitus,
628 2357 705 2396 quo
728 2355 831 2382 metu
853 2340 990 2381 Caesar

252 2416 407 2456 operam
428 2401 544 2448 dedit,
568 2415 609 2439 ac
638 2400 816 2453 perfecit,
843 2409 896 2447 vt,
928 2398 990 2437 dc-

252 2459 431 2500 trudendi
453 2459 614 2498 Domitii
636 2456 769 2504 caussa,
788 2457 987 2508 Pompeius

253 2528 290 2556 et
329 2514 478 2557 Craffus
523 2512 757 2553 consulatum
799 2522 987 2566 peterent.

252 2574 452 2613 Suetonius
472 2573 513 2610 in
534 2570 691 2610 Caesare
717 2585 747 2609 c.
764 2583 826 2622 24.

306 2630 456 2670 Manus
477 2626 532 2666 ad
553 2642 592 2666 ος
611 2625 797 2679 apprfia't]
845 2628 987 2664 Eorum

249 2700 374 2732 more,
395 2686 460 2737 qui
481 2683 622 2722 secreto
646 2682 791 2735 aliquid
820 2692 987 2720 narrant.

252 2739 559 2791 Suhaudiendum
581 2739 744 2788 videtur,
765 2753 879 2797 quam
897 2734 988 2781 h'aec

251 2799 415 2842 libenter
442 2807 609 2838 narrat„

1331 42 1347 83 l

475 130 700 170 PAVLLI
738 118 1024 167 MANV-ru
1057 124 1565 166 COMMENTARIVS
1596 130 1611 137 “

1099 233 1369 290 Subrostrani]
1405 239 1531 276 Infimi
1562 234 1708 276 ordinis
1726 238 1793 276 ho·

1056 295 1200 339 mines,
1235 291 1303 330 sub
1331 295 1471 332 Rostris
1511 293 1650 333 versari
1680 293 1791 333 soliti.

1055 351 1188 390 Liuius
1207 347 1456 387 humillimam
1477 349 1638 404 plebem,
1665 351 1792 389 foren-

1059 406 1133 444 sem
1160 405 1380 452 fat‘iionem,
1425 420 1467 444 ac
1501 409 1649 447 turbam
1681 416 1793 447 vocat

1054 462 1120 502 lib.
1131 475 1170 516 9.
1193 477 1222 501 c.
1235 464 1302 516 46.

1111 535 1151 572 A
1181 533 1232 588 2.
1256 531 1444 584 Pompeio]
1527 533 1640 581 Rufo,
1669 532 1792 573 Sullae

1056 589 1250 629 dic'tatoris
1271 603 1314 627 ex
1332 589 1407 627 filia
1429 600 1580 642 nepote,
1606 594 1636 628 ἐ).
1662 590 1791 629 Clodii

1053 645 1353 685 familiariffimo.
1385 647 1559 684 tribunus
1587 646 1706 699 plebis
1728 662 1792 686 an-

1054 718 1105 741 no
1126 706 1303 755 prdximo
1325 717 1409 740 cum
1431 705 1484 740 Τ.
1500 705 1673 742 Munatio
1685 703 1788 742 Plan-

1054 775 1099 798 co
1122 770 1157 798 et
1178 765 1219 798 C.
1239 758 1411 798 Sallustio
1431 758 1594 808 collegiS,
1613 759 1792 798 inimicis-

1053 818 1158 855 simas
1180 816 1226 855 de
1247 816 1407 862 Milone,
1427 817 1476 855 ob
1497 816 1625 855 Clodii
1647 830 1790 867 necem,

1053 875 1254 912 conciones
1296 874 1492 919 habuerat,
1531 876 1709 912 Ciceroni
1738 884 1791 914 et-

1051 933 1139 977 iam,
1163 929 1265 982 quod
1281 929 1468 968 Milonem
1491 929 1723 978 defenderet,
1734 932 1791 969 in-

1052 988 1194 1027 vidiam
1231 989 1448 1025 concitarat.
1495 987 1692 1026 damnatus
1738 989 1790 1026 est

1052 1045 1130 1098 ipse
1151 1044 1332 1097 primum,
1353 1043 1489 1082 deinde
1504 1044 1670 1092 Pinnem,
1684 1043 1789 1097 quod

1052 1115 1188 1140 eorum
1217 1101 1465 1140 concionibus
1492 1100 1637 1140 incensa
1666 1101 1788 1154 plebs,

1052 1158 1181 1197 Clodii
1210 1171 1372 1210 corpore
1411 1160 1450 1195 in
1481 1160 1623 1196 curiam
1656 1157 1787 1207 illato,

1051 1219 1194 1254 curiam
1212 1215 1329 1268 ipsam
1349 1215 1561 1253 cremass'ct:
1600 1229 1678 1267 quo
1700 1217 1789 1266 igne

1051 1275 1181 1312 Porcia
1217 1285 1372 1326 quoque
1412 1271 1556 1311 bafilica
1593 1274 1786 1321 flagrauit:

1050 1344 1096 1368 ex
1123 1344 1200 1382 quo
1226 1328 1307 1367 hon
1332 1329 1450 1367 modo
1489 1333 1567 1367 Sex.
1591 1329 1787 1379 Clodium,

1050 1388 1130 1426 eius
1151 1388 1346 1425 auetorem
1368 1385 1576 1433 seditionis,
1594 1401 1728 1426 verum
1748 1398 1786 1427 et

1049 1443 1188 1483 multos
1216 1457 1259 1481 ex
1278 1442 1446 1482 factione
1459 1441 1659 1492 Clodiana,
1678 1459 1786 1497 prae-

1049 1504 1159 1554 cipue
1188 1514 1282 1539 vero
1315 1504 1368 1549 Q
1397 1502 1638 1552 Pompeium,
1661 1513 1698 1540 et
1729 1505 1784 1542 T.

1048 1557 1223 1597 Plancum
1243 1555 1324 1606 lege
1344 1559 1515 1608 Pompeii
1533 1560 1660 1608 Magni
1677 1559 1728 1597 de·
1743 1561 1786 1600 vi

1049 1614 1320 1655 condemnatos
1344 1613 1426 1660 esse,
1441 1615 1513 1652 Dio
1525 1615 1784 1669 Pedianusque

1049 1669 1250 1712 declarant.
1308 1670 1405 1710 Illud
1431 1672 1530 1722 quasi
1560 1668 1603 1708 ἐν’
1622 1674 1785 1720 παρέςγῳ

1048 1729 1196 1776 addam,
1215 1729 1388 1767 Latinam
1412 1730 1547 1766 Dionis
1573 1731 1784 1769 versionem

1050 1784 1335 1833 emendandam,
1351 1787 1389 1823 in
1411 1798 1484 1836 qua
1501 1788 1704 1838 Pompeius
1724 1787 1784 1827 hic

1049 1842 1172 1883 Sullae
1198 1842 1339 1880 sororis
1361 1841 1459 1880 filius
1486 1852 1662 1881 vocatur:
1692 1859 1783 1884 cum

1049 1901 1186 1939 dixerit
1213 1901 1302 1945 Dio,
1338 1897 1458 1937 Eamus
1487 1898 1713 1951 θυγςιτςιδῖζ,
1742 1901 1783 1942 id

1049 1959 1112 2005 est,
1130 1954 1253 1995 Sullae
1274 1970 1317 1994 ex
1340 1954 1415 1995 filia
1428 1969 1557 2009 nepos.
1585 1955 1701 2009 idque
1721 1960 1784 1999 Pe-

1047 2014 1194 2060 dianus,
1219 2022 1254 2052 et
1277 2015 1443 2065 epitome
1461 2014 1618 2051 Liuiana
1639 2014 1781 2068 lib.77.

1046 2073 1255 2110 confirmat.
1291 2080 1399 2123 pater
1425 2071 1518 2116 eius,
1545 2074 1597 2119 Q
1613 2072 1784 2125 Pompeii

1047 2129 1143 2174 Rufi,
1163 2125 1289 2166 Sullae
1313 2129 1351 2165 in
1385 2125 1577 2165 consulatu
1600 2126 1781 2178 collegae,

1047 2184 1160 2230 filius,
1177 2186 1216 2222 in
1237 2183 1420 2222 seditione
1440 2197 1459 2221 a
1478 2185 1633 2223 tribuno
1659 2185 1780 2238 plebis

1046 2245 1085 2280 Ρ.
1107 2239 1273 2294 Sulpicio
1296 2242 1467 2286 excitata,
1485 2240 1624 2285 occisus
1644 2243 1706 2282 est.

1102 2325 1259 2377 Baulis]
1300 2326 1374 2364 Vbi
1395 2327 1574 2365 Romanis
1594 2325 1780 2367 exsulibus

1045 2396 1113 2435 per
1134 2381 1231 2430 leges
1244 2381 1380 2421 licebat
1399 2380 1482 2422 esse.
1502 2383 1573 2421 hoc
1590 2382 1689 2422 enim
1710 2385 1784 2432 ius,

1045 2441 1135 2478 teste
1164 2437 1337 2485 Polybio,
1365 2437 1581 2478 foederatae
1609 2442 1780 2480 ciuitates

1044 2496 1256 2540 habebant3
1284 2498 1324 2534 in
1355 2497 1492 2547 quibus
1525 2491 1632 2535 fuiss'e
1672 2497 1782 2537 Bauli

1001 2565 1004 2568 ·
1043 2553 1236 2599 videntur,
1277 2567 1360 2590 cum
1407 2554 1452 2591 ab
1493 2567 1538 2591 eo
1583 2554 1784 2607 Neapolis,

1044 2611 1250 2655 Praeneste,
1272 2609 1416 2660 Tibur,
1444 2612 1659 2663 propinqua
1687 2614 1783 2650 Bau-

1043 2665 1087 2706 lis
1108 2665 1234 2718 opida,
1267 2663 1524 2706 nominentur.

1095 2736 1408 2775 Embaeneticam
1434 2736 1584 2789 facere]
1632 2735 1781 2783 Ἐμβαί-

1044 2810 1108 2833 νειν
1129 2794 1180 2832 est
1191 2806 1328 2833 nauem
1339 2793 1606 2834 conscendere:
1633 2808 1677 2832 ex
1690 2807 1783 2846 quo,

1639 2849 1781 2891 embae-
