1863 3172
275 85 344 127 IN
375 83 495 128 CIC.
523 83 715 125 EPI'ST.
746 85 881 125 FAM.
912 85 1024 126 LIB.
1055 84 1086 124 1.
1116 84 1309 124 EPIST.
1339 82 1425 123 111.

76 196 222 243 vann'd
241 184 365 251 eapien-
382 197 628 250 voluptatem.
647 207 685 238 et
713 199 817 251 epist.

16 253 17 264 ¹
77 268 144 311 27.
172 255 340 295 eiusdem
373 251 482 294 libri:
529 255 614 296 Sex.
644 256 818 307 Aufidius

61 311 268 366 splendore
277 313 401 368 equiti
412 312 585 351 Romano
596 312 739 351 nemini
759 327 816 351 ce-

68 370 147 412 dit.
166 370 215 418 ⁸In
226 380 323 410 orat.
339 382 410 424 pro
422 367 559 408 Roscio
572 371 698 408 Amer.
715 374 813 420 c.48.

70 425 276 483 equestrem
321 425 569 478 splendorem
626 427 810 464 nominat.

69 484 129 523 Est
161 493 286 524 autem
295 480 484 537 splendor
512 485 553 522 in
588 484 729 535 equite,
758 481 812 520 di·

67 543 192 591 gnitas
226 555 306 580 non
340 553 386 579 ex
429 538 560 592 aliquo
593 541 809 588 magistratu

16 609 33 616 ²
61 609 189 652 parta,
215 597 276 637 sed
297 612 342 637 ex
367 595 449 650 ipso
472 595 619 644 ordine,
649 598 717 649 qui
733 596 809 636 fuit

1563 93 1620 142 45.

877 194 951 234 effe
973 209 1056 244 me,
1085 197 1154 251 qui
1173 196 1246 236 hoc
1276 197 1500 251 impetrem,
1519 199 1621 239 arbi-

875 262 1008 292 tratur.
1358 269 1363 273 ·

928 309 1099 350 Liber-tos
1112 339 1124 357 ,
1166 322 1438 363 procuratores
1451 343 1465 362 ,
1493 314 1616 367 fami-

870 365 986 416 liam]
1014 370 1191 419 Apparet,
1220 368 1260 406 id
1282 369 1386 420 quod
1411 371 1548 411 Cicero
1561 372 1616 412 di-

868 423 936 469 xit,
966 436 1100 472 magna
1117 423 1238 472 fuiffe,
1264 437 1300 464 et
1321 426 1443 481 ampla
1463 430 1614 470 Trebo-
1658 425 1659 429 Ἰ

868 480 926 516 nii
944 482 1119 530 negotia:
1148 495 1232 520 cum
1254 496 1296 520 ea
1316 481 1458 533 liberti,
1476 500 1613 540 procu-

867 546 1026 583 ratores,
1039 537 1138 577 serui
1150 541 1368 579 tractarent.
1395 543 1440 580 fic
1461 542 1527 583 lib.
1545 557 1610 589 12.
1633 559 1635 564 ’

866 595 969 646 epist.
990 604 1056 646 29.
1089 597 1254 635 Tantum
1273 598 1386 638 velim
1406 602 1611 655 eajstimes,

66 657 109 698 in
135 657 288 695 ciuitate
305 653 588 694 honestiffimus.
619 654 808 706 probatur
848 653 903 702 Ji
924 653 1077 707 negotia
1109 653 1291 700 Lamiae,
1319 662 1608 706 procuratores,

66 711 150 766 ipso
186 702 426 766 interpretess
441 710 653 750 Cicerone:
698 713 804 750 cuius

63 769 156 809 haec
177 768 317 809 suntin
338 776 434 808 orat.
463 781 534 821 pro
565 766 701 807 Coelio
720 782 749 808 c.
765 781 802 809 2.

64 826 241 868 Obiec‘t'us
262 826 313 880 est
331 835 448 878 pater
472 826 596 871 varie,
617 824 722 879 quod
733 835 803 864 aut

54 896 195 937 parum
204 880 429 934 splendidus
456 881 543 933 ipse,
574 893 644 921 aut
660 892 802 935 parum

57 942 120 994 pfe
141 938 335 980 traflatus
355 937 485 990 a‘filio
504 939 708 978 diceretur.
739 941 800 979 De

0 1012 10 1047 ¹,
35 1042 37 1044 ,
58 994 262 1052 dignitate,
286 995 432 1035 Coelius
461 997 558 1034 notis
577 1009 623 1035 ac
642 997 798 1036 maiori-

57 1052 127 1094 bus
144 1064 253 1099 natu,
272 1055 390 1093 ctiam
403 1050 495 1104 ſs'ne
505 1065 589 1090 mea
611 1055 796 1101 oratioue,

56 1111 213 1152 tacitus,
233 1111 356 1162 facilc·
372 1110 450 1162 ipse}
463 1107 674 1160 respondet.
731 1110 796 1150 De

54 1165 247 1222 dfignitate
264 1165 380 1214 dixit,
411 1180 494 1205 cum
515 1164 561 1203 ad
580 1163 672 1205 illud
686 1193 696 1212 ‚
727 1179 796 1219 pa-

46 1237 140 1263 rum
153 1222 404 1277 splendidus,
443 1220 698 1275 responderet.
749 1237 794 1263 ex

50 1294 133 1333 quo
152 1289 319 1334 apparet,
341 1278 595 1333 splendorem,
618 1289 653 1319 et
673 1279 793 1330 digni·
828 1322 831 1325 ,

50 1348 167 1378 tatem
186 1340 227 1377 in
248 1338 376 1391 equite
400 1335 501 1396 idem
525 1336 609 1376 effe.

105 1411 354 1460 Ceterorum]
393 1411 522 1448 Bonus
564 1409 682 1458 igitur
709 1408 793 1456 vir,

50 1467 117 1520 qui
133 1465 302 1506 abundet
321 1468 461 1505 amicis.
508 1478 512 1483 ‘

109 1539 245 1578 Gratia
262 1536 401 1590 {ffimus
422 1548 446 1576 E
454 1548 480 1576 R
488 1548 518 1575 N
525 1567 533 1576 .
545 1534 792 1591 Gratiffimus

49 1596 91 1635 in
111 1597 314 1648 prouincia
337 1594 453 1648 fi‘t't]
494 1596 555 1634 Ne
589 1608 649 1633 me
681 1604 789 1648 putes

46 1654 222 1701 ignotum
259 1653 456 1692 hominem
496 1652 567 1694 tibi
598 1665 789 1690 commen—

46 1708 148 1749 dare.
191 1707 338 1758 Malim,
351 1707 666 1766 gratitfiffimm:
702 1723 794 1747 cum

45 1765 235 1821 sequatur,
250 1769 298 1817 se
317 1765 424 1820 apud
437 1777 475 1805 te
489 1766 703 1817 gratitfitm
725 1765 788 1817 fo·

42 1839 112 1864 re:
149 1839 217 1863 nec
255 1826 415 1863 omnino
438 1821 622 1875 loquendi
649 1822 784 1861 modus

41 1879 205 1934 placeat,
243 1893 404 1934 gratum
439 1877 505 1934 else
538 1880 706 1934 aliquem
744 1881 786 1918 in

35 1940 250 1991 prouincia.
287 1939 466 1987 fignificat
501 1946 641 1983 autem,
683 1935 784 1989 apud

40 2008 106 2033 eos
122 1997 265 2048 potius,
291 1998 358 2048 qui
369 1995 591 2048 prouinciae
612 1993 783 2046 praefue-

39 2063 142 2099 runt,
178 2052 476 2101 gratiofissimum
499 2049 632 2096 fuiss'e,
667 2063 781 2102 quam

39 2108 139 2163 apud
159 2107 428 2162 prouincialeS,
455 2108 673 2162 priuatique
685 2109 779 2146 iuris

36 2165 228 2205 homines.

94 2239 215 2277 Tuum
233 2240 275 2277 in
295 2251 352 2277 me
365 2236 556 2285 amorem]
587 2235 777 2274 Omnibus

37 2294 268 2333 notissimum
289 2304 324 2333 et
352 2293 528 2332 beneficii
561 2293 615 2330 tui
637 2294 778 2341 magni-

34 2350 190 2398 tudine,
214 2362 251 2391 et
280 2352 451 2390 nouitate
481 2362 565 2387 meo
599 2363 656 2387 ‚un
684 2360 777 2388 tem-

30 2422 184 2462 porum.
330 2437 334 2439 -
738 2403 747 2407 ’

88 2480 136 2518 N
135 2478 344 2532 ostrumque
353 2474 670 2528 neceffltudinem]
689 2478 773 2515 Mu-

31 2545 118 2576 tuus
139 2550 248 2575 amor
259 2533 562 2580 ostendsturmec
584 2534 661 2573 fine
670 2533 770 2571 eaus-

27 2591 78 2631 sa.
107 2593 178 2632 hoc
199 2594 300 2632 enim
319 2592 515 2640 fignificat:
544 2592 634 2643 quia
654 2601 695 2630 tu
708 2604 769 2629 me

25 2664 143 2697 amas,
170 2649 397 2696 Trebonius
428 2646 601 2687 futurum
632 2646 767 2701 sperat,

839 1221 1037 1261 *beneficio
1068 1220 1231 1263 liberati.

860 707 1042 754 libertos,
1082 708 1283 760 familiam
1317 712 1609 769 quibtfiumque

859 762 970 803 rebus
995 778 1084 818 opus
1123 769 1221 814 erit,
1255 766 1497 820 deflndcris,
1533 782 1605 811 etc.

860 821 1027 869 Liberti,
1058 832 1099 861 vt
1124 821 1284 863 meliore
1295 853 1307 871 ,
1346 838 1461 877 quam
1492 826 1606 877 serui,

858 878 943 916 iure
963 878 1060 926 sunt,
1079 893 1164 919 cum
1182 882 1375 921 ciuitatem
1396 883 1604 937 adipiscan-

858 944 941 979 tur3
975 936 1021 974 fic
1040 935 1254 987 deteriore,
1285 953 1400 992 quam
1428 943 1602 992 ingenui,

857 1005 941 1031 cum
970 992 1139 1032 honores
1183 1009 1262 1034 non
1295 999 1456 1050 capiant.
1515 999 1603 1041 sunt

853 1059 981 1089 autem
1020 1048 1081 1090 vel
1128 1051 1362 1101 lingulorum
1386 1055 1601 1108 hominum,

853 1107 991 1159 quibus
1007 1118 1118 1147 antea
1139 1107 1367 1158 sentiebant,
1402 1111 1466 1151 vel
1485 1112 1601 1154 socie-

852 1173 986 1211 tatum,
1016 1164 1077 1204 vel
1095 1164 1288 1214 fanorum,
1306 1167 1368 1208 vel
1389 1169 1599 1223 opidorum

1285 1225 1310 1264 fi
1348 1226 1598 1277 singulorum,

852 1278 900 1317 ab
926 1280 972 1316 iis
1001 1280 1258 1332 praenomen,
1289 1292 1325 1321 et
1360 1297 1502 1335 nomen
1538 1285 1596 1325 su-

852 1336 1027 1382 mebant„
1050 1347 1198 1376 retento
1245 1337 1373 1378 seruili
1420 1344 1602 1391 nomine,

851 1392 957 1445 quod
991 1395 1074 1446 post
1105 1396 1434 1437 manumissioncm
1475 1402 1593 1440 tertio

847 1447 934 1488 loco
957 1451 1060 1502 quasi
1082 1465 1294 1501 cognomen
1307 1456 1591 1507 ponebatur,vt

847 1506 911 1547 M.
946 1507 1095 1547 Tullius
1128 1509 1247 1550 Tiro:
1296 1512 1328 1555 fi,
1354 1510 1591 1563 societatum,

847 1577 977 1605 earum
1007 1567 1226 1607 nominibus
1247 1569 1465 1619 vtebantur,
1484 1572 1590 1625 Asta-

845 1624 927 1669 tici,
953 1624 1117 1663 Siculiue
1136 1623 1279 1676 libem}
1299 1628 1443 1667 vocati:
1482 1629 1507 1667 fi
1534 1628 1589 1669 fa·

844 1693 998 1727 norum,
1027 1682 1073 1720 ab
1094 1682 1140 1719 iis
1166 1680 1443 1735 apellabantur,
1461 1697 1502 1724 vt
1517 1688 1588 1726 Ve-

843 1738 953 1784 nerii,
982 1738 1265 1792 stlercmfiales,
1299 1742 1530 1794 Capitolini.-
1555 1743 1586 1783 fi
1630 1737 1635 1739 ³

843 1793 1062 1846 opidorum,
1084 1795 1130 1833 ab
1152 1797 1199 1834 iis
1221 1810 1391 1851 quoque,
1422 1800 1586 1840 vtaFa-

842 1852 972 1890 ventia
1001 1851 1225 1900 Fctuentini,
1257 1868 1283 1893 a
1306 1855 1427 1896 Reate
1453 1857 1591 1897 Reati-·

842 1908 894 1945 m'.
924 1909 1067 1947 Romae
1087 1923 1169 1947 mos
1197 1912 1376 1964 antiquus
1406 1915 1583 1953 immuta·

841 1973 900 2001 tus
924 1966 996 2004 est:
1027 1979 1113 2004 nam
1142 1981 1225 2005 cum
1257 1965 1387 2009 liberti
1418 1972 1582 2012 Romani

840 2019 932 2060 dieti
946 2020 1073 2070 effent,
1102 2022 1149 2061 ad
1169 2023 1451 2065 {imilitudinem
1466 2025 1582 2067 liber-

838 2088 968 2116 torum
989 2079 1289 2133 municipalium,
1318 2085 1445 2136 postea
1464 2088 1580 2136 magi-

838 2136 971 2174 stratus
991 2139 1170 2184 nomina,
1200 2141 1267 2190 qui
1298 2154 1364 2178 eos
1382 2138 1578 2191 liberaret,

836 2203 1079 2245 acceperunt:
1107 2196 1148 2233 in
1169 2193 1285 2233 seruis
1304 2207 1429 2236 tamen
1452 2195 1578 2251 publi·

836 2251 901 2296 cis,
933 2263 1031 2301 quae
1051 2252 1093 2288 in
1121 2249 1266 2290 libertis
1293 2255 1342 2292 cst
1353 2257 1493 2303 amma,
1513 2271 1577 2295 ve·

834 2317 894 2345 tus
917 2305 1122 2359 appellatio
1135 2309 1288 2347 manfit:
1316 2310 1460 2365 semper
1473 2316 1576 2355 enim

835 2363 926 2402 djffl
946 2364 1043 2410 sunt,
1083 2364 1226 2418 publici
1255 2365 1354 2406 serui
1398 2372 1574 2412 Romani.

832 2422 913 2458 Hae
933 2429 1014 2459 tota
1035 2420 1081 2460 de
1094 2436 1135 2460 re
1153 2424 1205 2460 M.
1220 2427 1356 2472 Varro,
1369 2425 1429 2464 sed
1441 2427 1573 2467 obscu-

827 2488 870 2515 re
895 2475 995 2524 satis,
1022 2492 1092 2517 nos
1119 2478 1600 2536 tamquamjnterpretes,'‘

827 2547 942 2586 quam
974 2533 1181 2587 planissime
1208 2538 1291 2576 fieri
1319 2543 1460 2592 potuit,
1487 2544 1568 2581 eius

826 2590 1040 2631 doetrinam
1095 2592 1305 2633 studuimus
1367 2596 1566 2650 explicare.

823 2649 1099 2689 Procuratores
1121 2662 1253 2700 vocat,
1282 2653 1446 2692 vicarios
1468 2656 1564 2694 iuris

23 2717 70 2748 vt
91 2706 143 2754 id,
155 2706 261 2760 quod
280 2706 407 2758 cupi0,
418 2702 646 2757 consequar:
673 2706 764 2757 quia
820 2702 899 2742 sui:
917 2704 1135 2757 familiam,
1157 2707 1300 2756 serum,
1321 2720 1362 2748 vt
1380 2711 1422 2749 in
1443 2713 1577 2764 Brutoy

22 2776 119 2806 vero
138 2777 210 2816 ego
229 2774 266 2805 te
286 2761 453 2819 ,viciffim
473 2759 762 2819 amm-dignum

820 2774 851 2817 c.
868 2773 940 2820 32.
968 2764 1061 2805 Cum
1082 2763 1245 2819 instlua
1256 2766 1339 2808 Sila
1353 2765 1469 2820 fafla
1480 2783 1562 2867 εἴ.

1524 2840 1562 2869 θί
