1863 3172
156 117 225 158 1N
252 104 585 156 C1C.'E1›18‘r.
613 113 750 154 FAM.

0 227 179 275 reiecerat.
250 229 353 282 epist.
386 235 467 269 10.'
487 224 542 268 et*
566 226 633 270 lib.
669 239 730 281 15.

0 289 91 342 =pist.
122 299 161 341 4.

16 396 26 415 ἆ
43 353 195 409 Metus]
250 353 354 395 Cum
374 353 580 395 aduentare
603 354 731 395 Parthi

0 411 214 454 licei-entur.

22 522 25 527 .
43 482 174 536 Officio
192 480 446 538 quaestorio]
509 480 728 530 Quaestoris

0 542 89 582 §nim
108 550 145 580 et
163 541 352 593 praetoris
388 539 609 578 coniunflio
640 535 733 575 libe·

0 611 118 639 rorum
149 596 410 636 neceffitudini
441 596 615 648 proxima
644 592 729 633 fuit.

0 656 72 695 '„ib.
89 665 151 706 13.
180 655 284 709 epist.
311 664 375 694 10.
421 654 465 692 Et
488 654 530 691 in
559 652 729 690 Diuinat.

0 726 19 752 ῑ.
39 723 100 765 ¹9·
254 712 258 716 '

46 784 247 832 Praetore]
296 781 464 824 Praetor
489 787 649 819 vocatur
671 778 730 816 Bi·

0 838 118 886 aulus,
141 840 208 892 qui
226 835 585 889 proconfidvidctur
605 833 732 888 appel-

0 896 125 936 andus
143 893 271 934 fuiss'e:
301 895 374 933 iuit
404 895 505 932 enim
535 894 618 947 post
646 905 734 931 con-

0 953 152 994 sulatum
168 955 209 991 in
220 953 373 996 Syriam.
403 951 449 990 fic
467 950 533 990 lib.
549 963 585 1003 5.
606 949 653 989 ad
670 951 733 988 At-

0 1013 52 1050 :ic.
75 1010 178 1063 epist.
200 1018 265 1049 21.
307 1005 425 1065 Qod
446 1009 620 1060 praetori
636 1004 733 1046 dare

0 1063 220 1121 ronstussent.
258 1067 348 1113 Qio
370 1063 457 1104 loco
473 1065 658 1118 praetori,
677 1061 732 1101 di-

0 1125 94 1165 Rum
122 1124 185 1170 est,
217 1135 289 1176 pro
318 1123 507 1170 omnibus,
535 1122 603 1174 qui
627 1133 732 1174 prae-

0 1180 65 1221 effe
88 1178 259 1226 Ciliciae,
289 1179 363 1218 siue
389 1179 472 1232 post
501 1188 733 1232 praeturam,

0 1239 67 1277 [iue
78 1239 162 1291 post
179 1234 428 1290 consulatum,
444 1234 730 1274 consueuiss'ent.

0 1298 87 1335 item
104 1293 170 1333 lib.
188 1304 221 1334 1.
246 1291 292 1331 de
314 1295 421 1332 Orat.
442 1307 471 1333 c.
491 1304 551 1346 17.
639 1291 732 1330 Cum

0 1356 22 1393 ί
40 1366 73 1400 0,
95 1352 220 1405 inquit
239 1348 433 1397 Scaeuola,
456 1360 619 1402 praetor
637 1347 734 1387 Rho-

0 1365 86 1448 ιῖιηι
131 1405 324 1462 venissem.>
349 1408 416 1460 qui
451 1402 656 1460 proconsul
695 1405 737 1442 in

0 1466 116 1505 Asiam
136 1466 237 1504 ibat:
265 1474 306 1503 vt
325 1478 369 1503 ex
407 1465 582 1516 Epitome
610 1462 737 1501 Liuia-

0 1537 46 1576 na
62 1521 207 1575 lib.70.
226 1520 475 1570 cognoscitur.
514 1519 651 1560 Mansit
673 1532 737 1558 au·

0 1591 74 1620 tem
99 1579 172 1618 hoe
196 1591 337 1617 nomen
363 1579 405 1616 in
437 1578 640 1624 omnibus,
669 1576 736 1629 qui

2 1637 218 1691 prouincias
249 1644 437 1684 regerent,
462 1633 590 1674 habita
621 1635 736 1672 ratio-

0 1708 48 1734 ne
82 1692 239 1732 illorum
280 1702 520 1745 temporum,
551 1705 636 1731 cum
665 1688 737 1729 soli

0 1761 193 1805 ‚praetores
239 1750 280 1788 in
334 1749 573 1802 prouinciam
609 1748 738 1787 ibant:

4 1822 166 1862 quorum
189 1805 277 1845 loco
294 1807 402 1845 iuere
421 1806 550 1859 postea
579 1814 740 1858 propter

5 1864 99 1906 bella
121 1862 290 1904 consules
308 1873 345 1902 et
362 1860 619 1916 proconsules.
641 1863 740 1900 Con-

37 1938 72 1971 a,
92 1923 159 1976 qui
181 1935 226 1960 ex
245 1930 421 1974 praetura
437 1921 477 1958 in
499 1920 740 1973 prouinciam

6 1982 172 2026 inerant,
218 1987 254 2017 et
277 1977 515 2030 proconsules
546 1975 740 2016 interdum

7 2038 139 2083 vocati,
150 2044 192 2075 vt
208 2034 439 2074 ostendimus
451 2032 517 2073 lib.
536 2045 569 2076 1.
588 2034 691 2087 epist.
705 2044 742 2074 1.

58 2102 263 2147 praetores,
285 2101 327 2131 vt
347 2089 415 2130 lib.
431 2102 490 2140 13.
508 2091 610 2142 epist.
625 2101 686 2143 55.
707 2098 746 2129 et

9 2152 153 2205 Oppius
192 2147 404 2195 Allienum,
447 2146 610 2187 Siciliam
661 2148 745 2200 post

9 2216 221 2262 praeturam
255 2205 599 2251 administrantem,
637 2215 746 2256 prae-

46 2278 127 2305 rem
153 2272 264 2304 vocat
293 2264 334 2301 in
366 2261 433 2301 lib.
454 2260 501 2300 de
519 2259 610 2301 bell.
629 2259 746 2300 Afric.

11 2337 38 2362 c.
59 2332 97 2362 2.
168 2319 349 2360 Asconius
379 2332 539 2371 quoque·
560 2318 751 2367 magistra-

12 2389 90 2419 tum
110 2391 278 2423 omnem,
299 2377 359 2415 cui
378 2385 528 2429 pareret
548 2375 749 2421 exercitus,

13 2443 221 2477 §raetorem
237 2447 258 2472 a
285 2433 475 2472 veteribus'
507 2433 561 2471 ait
583 2429 747 2486 appella-

14 2502 112 2532 tum:
132 2491 233 2531 vnde
252 2488 376 2531 cohors
393 2490 606 2542 praetoria,
621 2488 751 2528 taher-

15 2549 188 2590 naculmn
206 2548 460 2600 praetorium,
491 2555 528 2584 et
561 2547 602 2584 in
621 2546 748 2584 castris

15 2617 122 2646 vorm
139 2605 350 2658 praetoria.
379 2600 448 2642 lib.
465 2613 497 2643 1.
527 2604 631 2656 epist.
649 2614 682 2644 1.

67 2676 265 2725 Reticere]
321 2674 419 2712 Cum
446 2682 571 2711 tamen
600 2668 646 2712 de
670 2674 756 2713 Par-

27 2734 114 2773 hico
131 2731 234 2772 bello
254 2729 443 2771 scriberet.
460 2727 669 2785 ‚Lib-Qad
689 2732 753 2770 At-

31 2793 74 2831 ‘c.
98 2791 201 2850 epist,
214 2800 252 2844 5.
508 2801 527 2807 ··
667 2791 672 2794 ⁷

795 113 910 154 LIB.
932 113 982 153 11.
1021 111 1214 154 EPIST.
1245 114 1363 156 XVII.
1445 126 1531 168 203

848 225 1073 280 Thermum]
1105 230 1159 276 Q
1171 229 1384 268 Minucium
1403 228 1533 267 Ther-

787 297 906 330 mum,
926 285 1031 322 Afiae
1044 280 1532 338 propraetoremstdquem

787 339 915 378 scribit
935 340 1132 392 epistolam
1154 341 1384 394 sequentem,
1406 353 1445 381 et
1464 340 1530 381 lib.

790 408 854 449 13·
876 398 979 449 einst—
993 407 1057 450 53·
1072 410 1136 451 54·
1152 411 1214 450 55·
1229 403 1290 450 56-
1307 411 1369 453 57·

843 466 1053 520 Litteram]
1107 469 1169 507 Ne
1189 467 1352 511 litteram
1374 469 1532 524 quidem

787 521 949 577 scripsit,
977 539 1057 563 non
1086 525 1204 564 modo
1236 527 1443 579 epistolam.
1486 529 1533 566 fic

787 581 827 618 in
844 591 940 619 orat.
960 595 1031 635 pro
1058 582 1194 621 Archia
1226 597 1257 625 c.
1275 590 1310 631 8.
1368 586 1534 640 Quoties*

787 651 853 693 ego
874 637 972 678 hunc
1001 637 1098 686 vidi,
1124 653 1210 678 cum
1236 640 1411 679 litteram
1429 642 1535 691 scri·

783 691 909 747 pſjffit
927 695 1089 741 nnllam,
1118 710 1295 748 magnum
1329 712 1534 737 numerum

787 753 1018 803 optimorum
1052 753 1226 804 verfimm
1260 751 1309 793 de
1349 753 1407 793 his
1445 753 1536 807 ipsis

788 806 912 855 rebus,
931 823 1026 864 quae
1043 819 1126 850 tum
1156 822 1377 866 agerentur,
1411 812 1537 850 dicere

788 878 838 904 ex
863 868 1061 918 tempore?
1126 868 1170 905 Et
1198 865 1264 906 lib.
1293 879 1324 908 1.
1352 867 1399 906 de
1427 868 1536 907 Orat.

788 936 819 960 c.
838 931 901 974 19.
931 922 996 961 De
1021 922 1306 975 conformandis
1341 924 1538 964 hominum

789 977 957 1018 moribus
999 979 1136 1020 littera
1172 982 1213 1020 in
1244 995 1372 1021 eorum
1415 981 1530 1021 libris

791 1036 903 1075 nulla
935 1038 1184 1078 inueniretur.
1270 1040 1314 1077 Et
1342 1040 1385 1076 in
1414 1036 1536 1078 Pison.

789 1106 819 1131 c.
837 1103 897 1144 19.
931 1093 1169 1147 Nullam-lit
1192 1093 1249 1135 acl
1256 1096 1440 1146 senatum
1474 1096 1540 1136 lit-

789 1160 917 1189 teram
938 1149 1237 1206 rnittere‚aufi15.·
1321 1155 1402 1191 Hac
1420 1152 1467 1191 de
1496 1165 1539 1191 re

789 1207 836 1245 fic
859 1204 924 1245 lib.
939 1210 976 1249 6.
1008 1207 1055 1247 ad
1076 1209 1186 1247 Attic.
1224 1209 1327 1261 epist.
1351 1221 1385 1263 ς.
1423 1208 1542 1249 Bibu-

789 1264 852 1304 lus
882 1264 1058 1320 molestus
1103 1264 1204 1304 mihi·
1235 1280 1309 1305 non
1336 1277 1449 1316 erat‚·
1490 1264 1541 1306 de

789 1319 962 1360 omnibus
1003 1319 1116 1362 rebus
1152 1321 1352 1372 stribebat
1389 1321 1446 1364 ad
1480 1337 1540 1363 me

785 1388 926 1429 ponus.

838 1447 1069 1487 >Periculum
1085 1448 1298 1501 pertinere]
1322 1451 1424 1498 Quia
1447 1448 1540 1491 Cili-

792 1505 849 1543 cia
870 1505 1014 1549 Syriam
1034 1507 1198 1555 attingit.
1220 1507 1324 1559 epist.
1346 1518 1406 1547 10.

847 1575 914 1615 De
938 1578 1146 1629 auguratu]
1184 1581 1234 1618 Vt
1266 1579 1346 1617 eius
1369 1576 1468 1617 filius
1496 1578 1542 1617 in

792 1630 920 1671 locum
938 1630 1094 1672 alterius
1124 1632 1195 1673 filii
1225 1636 1392 1685 auguris,
1424 1649 1541 1688 quem

792 1688 1042 1729 Alexandrini
1060 1693 1204 1744 equites
1220 1692 1450 1741 occiderant,
1464 1691 1542 1731 sur-

795 1756 1013 1797 rogaretur.

853 1816 1159 1870 Misericordia]
1214 1818 1366 1860 Bibulo³
1389 1818 1544 1860 duobus

795 1873 883 1915 filiis
913 1875 1064 1915 orbato.
1088 1874 1156 1914 -de
1184 1876 1323 1928 quibus
1367 1876 1544 1918 Valerius

796 1935 897 1973 Max.
911 1931 977 1980 lib.
988 1945 1028 1986 4.
1049 1946 1078 1972 c.
1097 1933 1198 1973 =.his
1219 1934 1371 1973 verbis:
1403 1935 1544 1975 MR}-

797 1989 922 2037 bulus,
962 2003 1048 2030 cum
1093 1990 1136 2029 in
1174 1990 1287 2043 Syria
1319 2001 1544 2031 moraretur

795 2047 1020 2101 prouincia,
1071 2045 1165 2086 duos
1191 2049 1363 2102 egregiae
1400 2045 1546 2087 indolis·

788 2103 898 2158 filios
920 2104 1070 2156 suos,'a
1099 2102 1330 2143 Gabinianis
1353 2103 1547 2144 militibus
1604 2117 1605 2120 ’

801 2161 968 2217 Aegypti
994 2160 1127 2211 occtsos
1155 2161 1339 2216 cognouit.
1382 2160 1548 2216 qaorum

802 2217 1074 2269 interfeHores·
1088 2216 1146 2258 ad
1162 2231 1246 2256 enm
1273 2217 1419 2258 vine-flos
1445 2219 1547 2274 regi-

802 2289 854 2314 na
876 2275 1079 2328 Cleopatra
1098 2273 1216 2327 misit,
1242 2285 1288 2314 vt
1298 2273 1547 2330 gramffimae

801 2330 923 2372 cladis
948 2332 1130 2371 ultionem
1148 2331 1317 2371 arbitrio
1329 2332 1404 2382 suo
1423 2334 1546 2388 exege-

801 2399 875 2427 nt.
902 2398 945 2428 at
979 2388 1064 2434 ille,
1092 2387 1220 2428 oblato
1247 2386 1444 2440 beneficio,
1473 2401 1548 2444 quo

802 2445 953 2485 millum
971 2446 1097 2484 maim·
1111 2444 1232 2483 tribui
1253 2445 1402 2500 lugenti
1418 2456 1547 2498 potue-

803 2512 885 2549 rat,
922 2499 1091 2541 dolorem
1128 2500 1383 2541 moderationi
1411 2501 1548 2542 cedere

805 2560 949 2613 6'00g1't;
987 2558 1251 2614 carnificesque
1262 2557 1470 2615 sauguinis
1479 2559 1552 2609 sui

806 2614 973 2655 intatlos
998 2630 1019 2654 e
1051 2615 1205 2668 vestigio
1233 2613 1289 2654 ad
1313 2615 1549 2668 Cleopatram

806 2669 943 2712 reduci
967 2670 1088 2723 iuffit,
1117 2671 1292 2718 dicendo,
1323 2672 1548 2726 potestatem

808 2728 920 2769 huius
940 2727 1128 2769 vindiflae
1144 2742 1218 2767 non
1237 2727 1376 2781 suam,
1396 2727 1472 2781 sed
1487 2729 1553 2779 se-

790 2785 924 2827 mtus
942 2782 1008 2841 effi·
1027 2784 1170 2827 debere.
1183 2787 1249 2841 'Et'
1268 2784 1403 2825 Caesar
1423 2784 1490 2825 lib.
1511 2794 1550 2835 3.

1499 2840 1546 2880 de
